1643 2574
221 169 271 209 56
615 178 833 213 CARMINA
856 179 994 214 MEDII
1017 180 1140 215 AEVI.

220 299 259 333 15
383 288 442 330 Ut
471 289 549 343 piis
580 289 668 332 eius
697 289 858 332 meritis
887 290 1080 333 iuuemur

439 354 572 397 Omne
600 368 677 409 per
706 369 871 399 aeuum.

383 443 448 485 Sit
478 443 592 486 salus
621 444 696 495 illi,
727 445 854 488 decus
884 449 1010 498 atque
1040 446 1189 497 uirtus,

382 508 465 558 Qui
493 522 621 562 supra
650 510 753 552 caeli
781 511 969 553 residens
1001 523 1196 554 cacumen

384 575 530 617 Totius
560 576 704 617 mundi
735 577 967 619 machinam
996 577 1202 630 gubernat

217 653 260 686 20
437 641 590 683 Trinus
621 645 663 684 et
695 655 813 685 unus.

791 872 963 914 XXXII.

452 960 658 1015 VERsvs
695 961 761 1014 BE
798 959 997 1014 smero
1035 959 1302 1014 lllssNi'sn).

604 1071 720 1113 Caeli
752 1071 862 1112 ciues
893 1070 1134 1123 adplaudite

550 1138 696 1179 Mundi
727 1138 902 1180 iocundo
933 1137 1091 1188 lumini,

547 1205 638 1254 Quo
668 1205 923 1246 inlustratur
954 1204 1128 1245 caelitus

546 1270 639 1312 Diei
668 1270 792 1312 huius
822 1270 972 1323 gratia.

239 1371 258 1403 5
601 1357 820 1399 Praecelsa
849 1356 951 1398 fides
981 1355 1178 1409 martyris

546 1424 745 1476 Sacrique
775 1423 865 1464 uita
895 1422 1096 1463 antistitis

546 1489 735 1541 Dionysii
766 1488 914 1529 nobilis

545 1555 678 1597 Hodie
708 1555 892 1607 palmam
922 1553 1122 1606 suscepit.

600 1644 820 1695 Areopago
852 1641 1044 1683 Athenae

220 1721 259 1755 10
545 1709 671 1761 Regis
703 1708 878 1760 sumpsit
908 1707 1109 1757 diadema,

547 1774 751 1816 Caelestis
781 1786 985 1826 geminam
1015 1772 1230 1825 fulgidam,

548 1840 789 1894 Dionysium
819 1839 1064 1891 sophistam,

600 1927 732 1969 Paulo
763 1927 939 1969 docente
969 1925 1183 1978 speculum

547 1994 684 2035 Habet
714 1993 813 2035 fides
844 1992 1030 2034 fidelium

221 2072 258 2105 15
547 2059 602 2101 Et
632 2059 840 2112 spiculum
869 2058 1100 2111 gentilitas,

319 2132 323 2136 '
545 2125 679 2174 Quem
709 2129 807 2166 ante
835 2136 1002 2166 murum
1033 2125 1221 2164 nouerat.

306 2257 345 2290 V.
372 2257 413 2290 20
441 2257 545 2300 unus]
571 2256 733 2290 additum
761 2267 878 2290 amen.

307 2311 454 2345 XXXII.
488 2311 570 2345 Cod.
596 2311 704 2344 Rern.
730 2314 794 2343 455
817 2320 843 2344 s.
877 2310 915 2343 X.
936 2311 962 2353 f.
989 2312 1038 2342 712.
1076 2310 1121 2343 In
1152 2308 1275 2342 titulo:
1309 2305 1528 2341 DIONISIO.

304 2366 347 2400 V.
372 2367 390 2400 7
417 2366 573 2407 dionisii.v
597 2366 647 2399 sic
671 2377 816 2409 semper.
856 2368 875 2399 9
899 2365 1086 2409 ariopago.
