1643 2574
226 173 275 213 38
617 184 836 221 CARMINA
858 186 995 221 MEDII
1018 188 1142 223 AEVl.

388 299 455 350 Qu
486 329 777 340 ........
806 296 933 339 faciat
961 309 1005 338 se
1039 331 1045 338 .

389 365 501 415 Quot
530 375 548 405 3
579 395 587 404 .
621 397 629 404 .
662 396 667 401 .
698 363 839 404 lumen
869 363 1052 405 cumulet
1086 398 1091 404 .
1124 396 1132 405 .
1168 398 1175 404 .
1211 398 1218 404 .

387 430 578 472 Partium
606 432 706 481 quot
735 429 790 470 sit
820 428 1002 481 spatium
1032 441 1050 471 3
1083 463 1090 471 .

444 496 658 538 Commeat
687 494 811 545 orbis⁷

225 595 265 629 85
388 582 532 624 Mense
562 593 641 636 quo
670 581 799 622 solem
828 585 996 633 repetat
1025 582 1102 623 sub
1131 583 1224 635 ipsa

389 649 527 700 Parte,
560 660 642 701 qua
671 647 827 689 dimisit
857 659 950 688 eum
980 647 1050 689 uel
1079 648 1178 690 orbe

391 715 583 757 Siderum
613 713 833 755 concordia
864 726 956 754 cum
986 713 1167 766 planetis

445 780 579 830 Quem
607 779 708 820 facit
738 791 904 820 aunum.

389 868 540 910 Deficit
569 880 653 921 qua
682 867 774 919 lege
805 868 873 908 uel
903 868 996 920 ipsa
1026 867 1095 909 uel
1124 868 1183 908 sol

225 946 266 980 90
389 934 613 976 Nominum
644 946 789 975 causus
821 935 989 976 uarians
1017 937 1172 984 meam,

391 1000 507 1051 Quae
536 1000 648 1052 capit
678 1011 842 1041 sursum
873 999 1066 1051 gradiens
1095 999 1162 1041 uel
1192 998 1393 1041 Austrum

446 1066 585 1107 Prona
614 1066 816 1106 reuisens.

391 1153 499 1196 Solis
529 1166 577 1195 ex
609 1165 754 1195 cursus
784 1153 946 1206 gemino
976 1153 1121 1194 uenire

396 1219 589 1261 Proditur
619 1224 735 1260 motu
765 1219 932 1271 proprio
962 1218 1029 1260 uel
1060 1218 1131 1259 illo

226 1298 266 1331 95
390 1285 587 1327 Voluitur
618 1297 698 1338 quo
728 1284 908 1325 mundus
938 1289 980 1326 et
1009 1284 1105 1326 111110
1134 1284 1305 1326 diurnos

447 1351 621 1393 Transit
649 1351 690 1391 in
722 1350 853 1391 orbes.

391 1439 580 1481 Circulos
611 1439 804 1479 immutat
833 1449 879 1479 eo
910 1437 1055 1479 diebus

391 1504 604 1554 Omnibus,
636 1504 707 1555 qui
738 1503 908 1544 dimidio
939 1503 1016 1544 sub
1046 1514 1154 1545 anno

390 1570 497 1612 Solis
527 1582 698 1611 ascensu
728 1572 1002 1610 numerantur
1031 1568 1132 1621 ipsis

230 1648 290 1681 loo
446 1636 638 1688 Hincque
667 1635 835 1677 recedit.

392 1724 580 1777 Binaque
610 1723 915 1776 hemisphaeria
944 1727 1033 1764 tum
1063 1725 1265 1763 notantur

389 1789 532 1842 thue
561 1789 621 1831 sol
652 1789 868 1842 disponere
897 1788 1192 1841 comprobatur

392 1856 598 1905 Quattuor
630 1855 695 1896 his
725 1859 928 1907 tempora,
959 1855 1050 1907 quis
1081 1854 1280 1895 decorans

445 1921 672 1973 Temperat
701 1932 868 1962 annum.

230 2019 290 2052 105
392 2008 587 2049 Noctium
619 2020 730 2050 crem
763 2039 1052 2048 ........

391 2073 589 2116 Partibus
619 2086 716 2114 mun
749 2107 918 2114 .....

316 2203 356 2236 V.
381 2204 423 2236 82
448 2216 463 2237 3
489 2229 495 2236 .
522 2229 527 2236 .
554 2203 575 2245 ‚l
607 2203 692 2245 fort.
718 2203 798 2237 31113.
834 2202 875 2236 86
906 2202 991 2236 orbe
1024 2202 1062 2234 'in
1095 2210 1166 2234 ras.
1202 2200 1244 2233 93
1269 2211 1327 2240 ex,
1352 2212 1371 2233 x
1404 2200 1442 2233 ¹in
1467 2210 1534 2233 ras.

228 2260 269 2293 97
294 2269 334 2293 eo
361 2259 398 2292 in
422 2270 491 2292 ¹ras.
529 2259 570 2292 {³8
595 2258 762 2302 dimidio}
790 2270 810 2293 o
840 2258 880 2291 in
909 2268 978 2291 ras.
1025 2258 1090 2291 sub
1122 2257 1159 2290 in
1182 2266 1251 2290 ras.
1289 2256 1330 2289 99
1353 2256 1456 2300 ipsis]
1479 2265 1535 2288 su·

224 2324 363 2357 prascr.
389 2325 403 2347 s
427 2319 482 2355 (Ξ
499 2313 648 2355 scilicet)
667 2313 819 2348 circulis.
848 2314 904 2348 lol
924 2312 1152 2357 hemis-peria.
1186 2313 1357 2344 105—109
1374 2321 1417 2344 ca:
1428 2313 1536 2354 purte

230 2368 345 2402 deleti.
