1643 2574
554 176 615 210 DE
640 176 960 214 ASTRONOMIA.
1359 175 1409 214 35

264 285 447 327 Metiens
475 285 579 327 haec
607 286 724 338 uirgo
753 299 805 339 po
837 321 1049 331 ......
1390 306 1409 338 5

264 350 475 400 Quattuor
505 351 576 392 dat
605 352 790 393 materiis
821 387 828 394 .
861 387 869 395 .

266 416 455 458 Edocens
485 417 684 458 mundum
715 418 851 470 spatio
886 419 980 471 glob
1012 455 1017 460 .
1053 455 1059 462 .

325 481 482 523 Ordine
511 483 724 536 sphaerae.

266 586 384 636 Quae
413 586 477 628 sui
506 590 662 628 terrain
690 587 828 629 medio
859 588 925 629 uel
956 589 1038 632 imo

267 652 495 694 Continens
524 652 655 693 ambit
684 654 847 695 ratione
877 666 1037 707 cursus,
1372 671 1411 704 10

265 717 471 770 Raptibus
500 718 603 759 caeli
632 731 796 772 quoque
825 720 1019 762 circulari

321 784 500 826 Cardine
530 784 740 826 claudens.

265 888 444 930 Ducitur
473 889 628 930 circum
658 890 817 942 specics
846 891 1091 944 propinqua,

266 954 463 996 Noscitur
493 967 599 1007 quae
629 956 825 997 materies
856 969 1081 1009 aquarum:

266 1020 384 1062 Aeris
413 1024 506 1073 post
535 1021 642 1062 hanc
673 1022 882 1074 sequitur:
914 1024 1084 1076 iugatur
1372 1040 1412 1073 15

321 1086 438 1138 Ignis
468 1086 611 1128 eidem.

264 1190 366 1231 Inde
395 1191 478 1232 iam
507 1195 601 1244 post
631 1192 817 1234 aetherei
846 1193 1004 1235 nitores

266 1256 488 1308 Aduolamt,
521 1259 675 1299 circum
704 1258 872 1301 radians
901 1260 1027 1301 micat
1056 1261 1115 1303 sol

265 1322 359 1374 Ipse
389 1335 481 1363 cum
510 1323 609 1364 luna
638 1323 891 1377 uehiturque
922 1326 1030 1367 circa

324 1387 505 1441 Signifer
533 1389 657 1431 orbis.
1371 1406 1413 1440 20

267 1492 466 1535 Ambiens
497 1505 638 1535 cursus
668 1494 917 1547 perhibetur
946 1495 1031 1537 illic

267 1557 460 1601 Extimus
490 1559 585 1600 duci
615 1572 750 1613 neque
781 1563 917 1603 tectus
948 1561 1046 1604 ullis

267 1622 459 1665 Siderum
489 1624 632 1667 formis
661 1626 836 1680 ideoque
865 1626 1038 1670 Graecis

321 1690 468 1732 Dictus
497 1695 703 1734 anastrOS.

265 1793 374 1836 Hinc
402 1795 517 1848 polos
548 1808 668 1837 axem
698 1809 864 1849 quoque
893 1797 1151 1852 circulosque
1370 1812 1411 1846 25

266 1859 484 1903 Annotans
515 1861 681 1903 diuersa
711 1862 858 1904 docere
886 1864 995 1904 uitat

270 1958 1097 1971 ·············

192 2138 233 2172 V.
258 2138 278 2172 6
310 2138 373 2172 (lat
404 2139 443 2171 in
474 2149 544 2173 ras.
578 2142 596 2174 7
620 2140 787 2182 edocens,
811 2152 835 2173 n
867 2141 905 2174 in
929 2151 999 2175 ras.
1035 2142 1056 2176 8
1079 2142 1231 2186 spherae„
1263 2144 1285 2176 h
1322 2154 1410 2178 eras.

107 2193 147 2226 16
170 2192 280 2236 ignis]
306 2196 388 2226 (ente
419 2193 483 2227 hoc
514 2195 724 2229 vocabulum
747 2195 888 2239 aliquid
913 2206 1063 2231 causum.
1102 2199 1140 2232 17
1165 2198 1251 2232 inde
1275 2199 1314 2232 in
1338 2208 1410 2233 ras.

105 2248 188 2291 post
210 2247 249 2280 in
273 2257 342 2281 ras.
381 2249 420 2281 19
444 2249 519 2292 ipse
544 2249 583 2283 in
606 2260 676 2284 ras.
713 2250 821 2294 circa]
854 2262 876 2284 a
906 2251 945 2284 in
968 2263 1038 2287 ms.
1074 2253 1116 2286 22
1147 2254 1301 2288 extimus
1331 2254 1413 2288 duci

106 2302 146 2335 in
169 2311 240 2336 ras.
276 2303 318 2336 23
341 2302 494 2347 ideoque
517 2304 556 2337 in
580 2315 649 2339 ras.
696 2306 820 2350 grecis.
855 2306 897 2340 26
921 2306 1017 2341 uitat
1039 2307 1079 2341 in
1096 2317 1167 2342 ras.
1202 2309 1414 2342 27-292‘01‘1'

106 2356 238 2391 hausti.
