1643 2574
440 177 619 213 VERSVS
644 178 705 212 DE
729 178 1017 213 VIRGINIBVS.

211 288 455 330 Caeduntur
483 287 635 341 gladiis
666 299 782 330 more
811 288 1057 339 bidentium,

211 354 307 396 Non
337 365 525 395 murmur
553 357 736 404 resonat,
767 366 849 395 non
879 354 1150 406 querimonia,

211 419 294 461 Sed
324 419 447 461 corde
477 419 607 461 tacito
638 431 754 461 mens
785 418 888 461 bene
918 420 1079 462 conscia

269 484 499 528 Conseruat
531 486 790 538 patientiam.

212 583 329 634 Quae
358 595 450 635 nox,
482 596 587 636 quae
616 584 769 637 poterit
799 585 941 638 lingua
971 590 1170 637 retexere,

210 649 328 700 Quae
357 653 403 691 tu
432 650 688 702 martyribus
719 663 892 693 munera
921 663 1149 704 praeparas
1160 652 1179 692 ⁴?

212 715 346 757 Rubri
376 728 472 758 nam
501 714 631 757 fluido
662 717 863 769 sanguine
892 717 1047 759 laureis

268 781 468 823 Ditantur
496 782 602 824 bene
631 782 812 834 fulgidis.

213 880 272 922 Te
301 881 412 924 trina
441 881 576 923 deitas
607 894 772 934 unaque
804 882 1026 935 poscimus,

213 946 272 988 Ut
303 947 446 1000 culpas
475 947 634 998 abluas,
665 948 786 990 noxia
826 947 1062 1000 subtrahas,

214 1013 298 1055 Des
328 1025 473 1066 pacem
504 1013 683 1065 famulis,
716 1026 790 1056 nos
819 1026 982 1068 puoque
1013 1015 1145 1068 gloria

270 1078 349 1120 Per
378 1082 527 1121 cuncta
556 1079 633 1121 tibi
662 1080 839 1122 saecula,

661 1362 808 1405 XLIV.

395 1473 601 1528 VERsvs
638 1474 705 1527 lm
741 1473 1073 1528 vfflfflNlssvs.

434 1606 550 1657 Jesu,
582 1618 730 1648 corona
760 1607 985 1659 uirginum,

378 1672 512 1721 Quem
544 1677 678 1714 mater
708 1671 779 1713 illa
806 1673 1008 1724 concepit,

379 1737 495 1788 Quae
525 1738 613 1780 sola
643 1738 762 1791 uirgo
792 1738 987 1790 parturit,

360 1802 492 1845 'Haec
520 1808 619 1846 uota
648 1804 828 1846 clemens
859 1803 1011 1856 accipe.

434 1902 515 1952 Qui
543 1903 680 1955 pascis
709 1903 818 1944 inter
845 1901 946 1952 lilia,

379 1968 554 2020 Saeptus
584 1967 744 2009 choreis
774 1967 1000 2019 uirginum,

379 2032 564 2086 Sponsus
588 2032 787 2074 decorans
816 2032 951 2084 gloria

380 2098 636 2151 Sponsisque
666 2098 842 2140 reddens
871 2097 1069 2150 praemia.

165 2250 206 2285 V.
232 2252 273 2285 13
298 2251 487 2285 ceduntur.
523 2251 566 2284 24
590 2250 734 2284 saecula
758 2260 873 2283 amen.

166 2305 291 2340 XLIV.
317 2305 399 2340 Cod.
424 2305 533 2339 Rern.
559 2307 623 2338 455
647 2314 673 2338 s.
700 2304 740 2338 X
760 2304 786 2346 f.
812 2307 850 2337 11
864 2306 888 2335 ¹².

165 2360 208 2394 V.
232 2361 252 2395 6
277 2362 400 2405 septus
424 2360 546 2395 coreis.

1337 172 1385 211 69

1350 431 1388 464 15

1346 793 1389 827 20
