1643 2574
628 166 688 199 DE
715 167 944 203 IOHANNE.
1368 171 1439 209 111

509 274 615 317 Hinc
644 275 758 318 facta
789 281 1022 322 coniuratio
1400 300 1440 333 25

456 340 680 384 Tormenta
710 344 751 384 in
783 345 901 386 illum
931 348 1076 400 dirigit

452 406 508 448 Et
539 407 598 449 sic
626 410 810 451 cruentis
842 411 1021 455 brachiis

452 472 594 514 Sancti
625 479 847 518 cruentant
876 478 1058 522 brachia.

501 560 690 603 Infausta
720 569 884 618 martyr
914 571 1102 610 attamen

449 625 574 668 Haud
604 632 721 681 optat
751 630 1081 685 insequentibus.
1395 654 1435 686 30

450 691 606 735 Verum
636 697 797 738 remitti
827 700 1018 750 postulat

449 758 575 800 Tanti
604 761 720 803 nefas
752 766 1012 815 peccaminis.

501 847 635 890 Huius
665 855 817 903 rogatu
849 865 1114 905 quaesumus,

443 911 616 964 Depelle
646 920 790 958 nostra
821 919 1006 972 crimina,

445 979 629 1022 Colencla
659 993 821 1035 semper
851 987 1033 1039 trinitas,
1387 1008 1427 1040 :35

444 1044 641 1097 Aequalis
671 1053 735 1089 est
767 1051 832 1091 cui
861 1052 1006 1103 gloria.

706 1289 833 1332 LXV.

491 1396 581 1447 Hic,
614 1397 719 1440 festa
752 1403 866 1443 cuius
897 1407 1133 1459 pangimus,

436 1461 620 1505 Eclectus
650 1470 711 1507 est
742 1467 975 1521 largissime

434 1527 510 1568 1110
542 1532 784 1575 recumbens
815 1540 1001 1589 pectore,

432 1592 523 1644 Quo
554 1607 715 1639 summa
746 1604 808 1641 est
838 1602 1024 1647 scientia.

484 1682 643 1735 Regina
675 1686 783 1729 sicut
814 1690 955 1732 auium

429 1747 704 1794 Transcendit
733 1754 815 1796 ista
845 1756 998 1808 nubila,

427 1812 493 1855 Sic
523 1821 674 1858 cuncta
704 1818 801 1860 felix
833 1824 1039 1867 transiens

424 1877 566 1921 Inuisa
597 1883 704 1925 uidit
733 1887 908 1929 saeculo.

483 1967 588 2010 Tum
618 1972 748 2014 uerba
780 1980 919 2018 ructat
949 1980 1107 2031 optima

423 2031 485 2073 De
515 2037 650 2086 patris
681 2039 767 2082 alto
800 2040 898 2093 filio,
1369 2064 1408 2097 10

422 2097 540 2147 Quod
571 2107 685 2145 extet
714 2111 810 2147 ante
840 2112 1042 2162 tempora,

420 2164 499 2213 Qui
531 2172 654 2210 natus
686 2174 750 2212 est
781 2172 823 2213 in
853 2176 1051 2228 tempore.

178 2289 219 2322 V.
243 2290 283 2324 27
309 2292 471 2327 brachiis.

178 2343 282 2379 LXV.
309 2346 390 2381 Cod.
417 2349 525 2383 Rern.
551 2352 585 2385 A
610 2356 661 2395 90,
686 2357 726 2387 19
750 2365 775 2390 s.
804 2357 845 2391 X
863 2359 888 2400 f.
914 2363 965 2393 1³.
999 2361 1265 2409 Praescrz'ptum
1293 2362 1363 2403 ioli.
