1643 2574
556 179 739 213 VERSVS
764 178 971 214 EVGENJI.
1369 169 1419 208 97

160 291 273 343 Ergo
303 302 406 331 caue
435 289 621 341 prudens
653 289 844 329 nocitura
873 288 1058 329 libidinis
1090 299 1217 338 arma,

215 356 384 398 Scilicet
414 355 644 407 ingluuiem
673 354 1028 406 mephiticamque
1057 354 1183 395 luem.

159 422 344 474 Crapula
375 434 466 463 cum
497 420 629 462 bibuli
659 432 844 461 crassum
874 420 1104 472 repleuerit
1133 419 1291 469 aluum,

214 488 279 529 Ad
309 488 399 529 ioca
428 486 686 528 sordidulam
716 486 932 527 luxuriosa
962 485 1108 527 trahit.
1379 495 1420 529 20

160 554 331 606 Semper
361 557 475 594 amat
504 553 631 603 risus,
663 564 825 604 semper
856 552 1039 604 crispare
1068 551 1305 602 cachinnos,

214 619 388 671 Semper
416 618 626 660 luxuriam
657 622 804 658 uenter
835 618 983 659 obesus
1014 621 1128 658 amat

159 684 302 726 Ardua
332 695 462 736 regna
490 683 622 736 petis:
654 684 817 724 uentris
847 684 1117 724 moderentur
1148 682 1351 732 habenae,

213 750 278 792 Ne
307 750 508 792 stomachi
539 762 710 792 currens
741 750 861 791 frena
890 750 1061 790 remissa
1092 749 1227 790 cadas.

160 817 203 859 Si
232 817 298 858 uis
329 829 429 869 ergo
460 816 567 869 poli,
598 817 748 866 frater,
782 816 1064 857 conscendere
1094 827 1236 867 regna,
1379 825 1421 858 ‘25

215 882 353 935 Dilige
383 882 632 923 munditiam
663 882 847 934 corporis
879 886 1006 934 atque
1037 882 1213 922 animae.

698 1133 825 1174 Lvn.

522 1232 731 1286 VERSVS
770 1232 1002 1286 EVGENH.

161 1365 195 1407 O
226 1365 416 1407 mortalis
447 1364 589 1415 homo,
620 1364 768 1405 mortis
797 1363 1066 1404 reminiscere
1098 1374 1241 1405 casus:

158 1431 228 1473 Nil
257 1432 418 1484 pecude
449 1431 599 1482 distas,
632 1431 667 1472 si
696 1434 861 1472 tantum
891 1441 1092 1482 prospera
1122 1433 1280 1482 captas.

157 1496 329 1548 Omnia,
362 1509 468 1549 quae
499 1497 645 1547 cernis,
680 1508 884 1537 uanarum
915 1495 1070 1548 gaudia
1099 1507 1255 1546 rerum,

158 1563 317 1605 Umbra
348 1563 465 1604 uelut
494 1564 646 1614 tenuis,
677 1562 811 1604 ueloci
841 1562 923 1603 fine
954 1561 1168 1603 recedunt.

159 1628 372 1670 Praecaue
401 1640 483 1670 non
512 1627 632 1679 felix,
664 1640 715 1670 ne
746 1632 805 1679 te,
838 1628 936 1668 dum
968 1628 1102 1669 cernis
1132 1630 1175 1668 et
1204 1627 1338 1678 audis,
1401 1639 1420 1669 5

190 1784 234 1819 V.
260 1786 275 1818 1
336 1783 587 1828 mephiticam]
622 1783 850 1823 musticeam,
883 1792 973 1815 corr.
1005 1781 1220 1814 misticeam.
1267 1781 1307 1814 21
1338 1791 1421 1814 ama

104 1840 285 1874 eaeinnos.
331 1839 374 1872 22
399 1839 444 1873 ob
469 1849 558 1872 esus.
605 1839 648 1872 23
672 1839 798 1872 abene.
845 1838 886 1871 25
910 1837 1041 1870 anime.

191 1904 300 1938 LVII.
339 1903 421 1937 Cod.
452 1903 563 1937 Rern.
593 1907 657 1937 455
689 1914 714 1938 3.
743 1904 783 1936 X
809 1908 836 1946 f.
860 1906 930 1936 22a
960 1903 1031 1945 (A).
1068 1902 1187 1935 Eaetat
1219 1904 1251 1935 et
1281 1902 1321 1935 in
1344 1901 1420 1935 cod.

104 1960 213 1994 Rern.
238 1962 305 1993 268
334 1969 360 1992 s.
388 1959 492 1992 XVI
516 1970 552 2002 p.
576 1961 621 1992 42
652 1970 764 1992 mmm
798 1959 838 1992 P.
863 1958 1033 1991 Danielis
1064 1957 1241 2000 scriptum
1265 1956 1333 2000 (B),
1357 1956 1421 1990 ubi

105 2015 142 2047 m
167 2014 259 2047 duas
277 2017 404 2057 pao-tes
428 2013 587 2047 diuisum
611 2017 678 2047 est:
706 2015 730 2047 I
750 2025 780 2047 v.
798 2017 894 2055 1167
918 2016 947 2053 9,
973 2016 1033 2054 10;
1058 2013 1107 2045 II
1126 2023 1156 2045 υ.
1175 2014 1204 2054 7,
1228 2014 1262 2054 8,
1279 2014 1418 2053 11-14,

103 2072 143 2102 ut
176 2068 324 2102 Petram
349 2068 540 2101 Danielem
575 2068 648 2101 alio
684 2068 802 2102 codice
837 2078 939 2100 usum
978 2077 1050 2100 esse
1076 2070 1213 2110 pateat.
1252 2066 1420 2110 Denique

107 2135 133 2157 c.
166 2126 255 2156 3——5
291 2123 461 2167 Ieyumur
490 2123 529 2156 in
565 2123 641 2156 cod.
675 2123 786 2157 Rern.
816 2126 882 2155 :3¹12
924 2132 950 2155 s.
989 2122 1189 2156 XI—XII
1217 2123 1244 2165 f.
1276 2123 1317 2154 1¹³
1355 2121 1420 2164 (C).

103 2177 313 2220 EVGENH,
337 2188 518 2221 suprascr.
543 2189 586 2211 m.
609 2179 659 2211 II
678 2178 879 2212 CATONIS
902 2180 955 2217 A;
981 2179 1020 2211 in
1044 2178 1072 2211 B
1098 2178 1193 2212 deest
1218 2177 1418 2220 inscriptio.

191 2244 233 2279 V.
258 2245 278 2278 2
312 2244 381 2288 nil]
412 2244 450 2277 ni
481 2243 509 2276 B
566 2245 586 2278 3
618 2255 686 2288 que
712 2244 737 2279 C
794 2246 815 2278 4
840 2244 950 2278 uelud
982 2245 1109 2279 dennis
1133 2244 1158 2278 G
1218 2246 1237 2278 5
1268 2254 1420 2288 precaue

104 2311 178 2333 nun
203 2299 229 2334 C
264 2310 337 2333 non
361 2298 472 2335 foelix
496 2298 524 2331 Β
571 2309 636 2333 nec
659 2301 696 2333 te
721 2300 752 2333 A
776 2300 891 2334 cernis
914 2299 943 2332 Β
983 2300 1095 2334 nescis
1119 2300 1177 2334 AC
1220 2299 1332 2333 audes
1356 2298 1418 2331 AB

105 2354 208 2388 audis
233 2355 259 2390 C

237 2425 348 2454 HAGEN
375 2433 510 2454 CARMINA
536 2433 618 2453 menn
643 2433 721 2453 Anvi.
1269 2422 1288 2454 7
