1643 2574
227 145 279 184 86
552 144 559 146 ’
616 148 834 185 CARMINA
857 147 996 182 MEDII
1019 147 1149 182 AEVI.

526 259 605 301 Hic
634 261 853 312 paternam
883 257 1099 300 reuelabat

225 339 268 373 40
528 325 799 367 Senectutem
828 323 995 376 iugiter.

581 413 699 454 Fecit
727 411 799 453 ille
828 415 949 464 pater
980 422 1080 453 suus

530 478 731 521 Tunicam
761 478 953 519 talariam

527 543 655 586 Vario
684 543 959 597 polimitoque

530 609 781 651 Contextam
812 608 862 650 de
893 608 1093 650 stamine:

228 688 270 721 45
531 675 635 716 Erat
664 674 839 727 pulcher
869 673 910 713 in
940 676 1126 725 aspectU‚

530 740 744 781 Venustus
773 739 815 779 in
847 739 995 791 specie,

530 806 625 847 Lilii
655 805 707 847 ad
738 805 874 845 instar
903 804 1055 855 nitens,

530 871 704 915 Roseus,
734 874 782 911 ut
812 870 965 911 rosula.

588 957 665 999 Hic
695 958 738 999 in
767 961 888 998 nocte
920 958 1142 1009 soporatus

230 1038 271 1071 50
534 1025 790 1076 Praesagum
821 1035 895 1076 per
925 1022 1118 1075 spiritum

534 1090 651 1131 Vidit.
682 1089 853 1139 somnia,
887 1099 994 1140 quae
1025 1087 1135 1140 patri

534 1156 837 1207 Fran-'musque
867 1154 1028 1204 retulit,

534 1223 665 1272 Quem
696 1220 878 1262 inuidiae
908 1219 1095 1260 tulerunt

536 1288 669 1329 Dictis
701 1286 970 1328 seminarium

233 1367 274 1399 55
534 1353 711 1404 Odiique
742 1364 834 1393 cum
864 1352 997 1392 liuore

534 1418 836 1460 Ministrabant
865 1416 1072 1458 fomitem:

593 1506 813 1558 «Segetum
844 1506 1032 1547 albentes
1063 1505 1199 1557 spicas

534 1572 736 1613 Putabam
766 1583 839 1613 nos
868 1571 1045 1612 falcibus

536 1639 741 1679 Resecare
772 1637 914 1688 sicque
944 1648 1080 1677 meum

233 1716 274 1749 60
536 1705 730 1757 Ligatum
761 1703 1019 1754 manipulum

535 1770 720 1821 (Stabat)
752 1773 915 1810 uestros
947 1768 1120 1809 adorare

535 1835 738 1888 Conspexi
768 1833 1025 1876 fasciculos.»

533 1901 647 1943 Haec
677 1901 839 1942 dicente
870 1899 994 1941 corda
1022 1898 1198 1939 fratrum

536 1967 656 2008 Altus
687 1966 803 2008 dolor
833 1965 986 2006 obruit.

233 2063 274 2097 65
591 2053 713 2095 «Vidi
744 2053 871 2095 solem
903 2057 1029 2104 atque
1058 2052 1214 2101 lunam⁷

536 2119 614 2161 Sed
644 2123 685 2160 et
717 2118 862 2160 stellas
893 2118 1083 2159 undecim

320 2270 362 2304 V.
387 2270 428 2304 39
451 2271 614 2314 paterna.
649 2271 692 2304 43
715 2271 786 2313 fuit
811 2270 1058 2314 polimiteque.
1092 2269 1133 2302 47
1158 2267 1254 2301 liliis.
1286 2267 1325 2300 51
1350 2266 1422 2308 fuit
1447 2276 1544 2299 som—

233 2325 377 2369 niaque.
413 2325 455 2359 53
479 2324 604 2359 inuide
629 2325 844 2366 retulerunt,
868 2335 906 2359 re
929 2323 1159 2358 subterdueta
1184 2322 1278 2356 linea
1302 2321 1368 2355 del.
