1643 2574
215 164 267 202 74
609 169 827 204 CARMINA
850 168 990 203 MEDII
1012 169 1138 204 AEVI.

432 279 513 321 Hic
543 278 652 329 dies,
681 278 725 319 in
755 289 837 330 quo
866 277 944 319 tibi
972 281 1251 320 consecratam

432 343 647 397 Conspicis
677 355 816 395 aram,
847 343 1007 385 tribuat
1036 355 1219 396 perenne

431 409 641 452 Gaudium
670 409 807 461 nobis,
838 410 1066 462 uigeatque
1093 409 1217 462 longo

486 475 705 528 Temporis
734 487 825 518 usu.

213 576 256 609 45
433 562 580 604 Gloria
609 574 817 604 summum
846 564 1016 604 resonet
1043 565 1273 614 parentem,

433 628 578 670 Gloria
607 631 752 670 natum
782 629 1026 681 pariterque
1056 631 1246 670 sanctum

434 694 656 747 Spiritum,
687 694 799 736 dulci
829 694 1069 736 moduletur
1098 693 1250 746 hymno

433 759 566 802 Omne
595 772 668 813 per
697 772 861 802 aeuum.

776 988 969 1030 XLVIII.

653 1087 721 1140 ΑΙ]
758 1087 1089 1141 NssCTVRNssS.

433 1207 565 1249 Nocte
594 1211 813 1260 surgentes
843 1207 1067 1259 uigilemus
1097 1218 1252 1256 omnes,

435 1273 605 1325 Semper
635 1274 677 1314 in
706 1273 877 1326 psalmis
905 1273 1151 1314 meditemur
1180 1275 1307 1324 atque

436 1340 605 1381 Viribus
635 1340 735 1381 totis
765 1340 928 1381 domino
959 1350 1158 1380 canamus

491 1405 682 1446 Dulciter
711 1405 897 1458 hymnOS,

240 1505 259 1537 5
434 1492 494 1536 Ut
524 1492 590 1545 pio
620 1492 709 1544 regi
740 1492 900 1544 pariter
930 1494 1126 1532 canentes

438 1558 543 1600 Cum
573 1558 659 1599 suis
691 1558 846 1599 sanctis
876 1568 1109 1598 mereamur
1139 1556 1276 1598 aulam

437 1623 608 1676 Ingredi
638 1623 740 1664 caeli
772 1623 896 1664 simul
927 1626 969 1664 et
997 1622 1119 1663 beate

491 1690 655 1731 Ducere
686 1690 832 1730 uitam.

438 1777 630 1818 Praestet
652 1776 728 1818 hoc
748 1776 866 1818 nobis
888 1776 1023 1817 deitas
1045 1775 1169 1816 beata

220 1854 260 1887 lo
435 1843 576 1884 Patris
605 1847 647 1884 et
677 1843 765 1883 nati
796 1842 1038 1894 pariterque
1069 1841 1205 1882 sancti

436 1909 639 1962 Spiritus,
671 1909 736 1950 cui
767 1908 986 1949 reboamus
1015 1907 1125 1948 omni

490 1974 637 2016 Gloria
666 1974 822 2015 mundi.

306 2104 348 2139 V.
370 2104 413 2138 42
438 2105 630 2148 perhenne.
666 2105 708 2139 43
732 2105 817 2149 uige
843 2105 963 2147 atque.
998 2105 1040 2137 47
1064 2113 1184 2147 ymno.

306 2170 466 2204 XLVIII.
492 2170 575 2204 eod.
593 2158 703 2205 Rei-n.
728 2173 792 2203 455
816 2180 841 2203 s.
862 2170 901 2203 X
923 2170 948 2213 f.
975 2173 1049 2202 13¹¹.
1079 2168 1222 2203 Titulus
1246 2179 1289 2202 m.
1308 2168 1362 2202 11.
1380 2168 1526 2203 additus

220 2225 348 2259 litteris
372 2225 592 2258 minusculis.

309 2290 349 2324 V.
372 2291 394 2323 4
418 2290 585 2334 hymnos}
609 2291 723 2335 ignos.
759 2292 778 2325 6
801 2290 896 2325 aula.
932 2290 950 2323 7
976 2292 1125 2334 prestet.
1159 2290 1195 2323 11
1222 2290 1315 2323 inter
1339 2289 1528 2324 reboamus

221 2348 253 2378 et
278 2345 377 2380 omni
401 2344 541 2388 aliquid
566 2356 719 2379 erasum.
