1643 2574
156 186 279 218 XVIII
554 182 771 217 CARMINA
796 180 932 216 MEDII
950 181 1072 215 AEVI.

156 297 242 339 Nec
263 297 381 338 deest
401 295 586 337 codicum
609 293 661 334 ad
682 292 791 333 hunc
811 291 965 332 librum
988 290 1288 332 conficiendum
1309 289 1471 330 adhibi-

154 368 296 406 torum
326 362 463 404 brevis
494 359 753 401 enumeratio
784 357 938 399 additis
969 357 1200 398 carminum
1230 368 1280 397 ex
1307 367 1471 407 quoque

155 429 387 482 petitorum
408 426 610 468 numeris:
641 437 739 466 nam
771 424 1051 476 maximopere
1073 423 1200 463 refert
1221 421 1332 472 sciri,
1365 432 1472 473 quae

157 499 310 548 quotve
355 495 395 534 in
436 491 611 544 singulis
652 490 864 531 codicibus
904 489 1089 530 carmina
1127 487 1330 528 ferantur.
1388 486 1472 538 Ap-

157 560 343 614 pendicis
381 559 468 600 loco
509 556 879 599 acrostichicorum
921 554 1150 596 carminum
1189 565 1251 595 nr.
1282 551 1472 592 LXIX—-

157 625 352 676 LXXVI,
393 638 431 677 p.
477 625 708 671 llo—1287
748 625 793 662 ut
832 620 1057 663 artificiose
1093 619 1323 671 composita
1361 623 1472 667 sunt,

158 692 219 733 ita
249 696 288 732 et
321 690 523 742 imagines
554 693 645 729 arte
675 687 979 741 typographica
1001 686 1218 737 eleganter
1239 683 1473 725 describen-

159 758 231 798 (las
252 756 408 806 curavi,
432 768 513 807 quo
544 755 585 795 in
606 765 757 806 genere
779 753 822 794 C.
844 753 875 794 Ι.
899 752 1090 804 Wyssius
1117 749 1354 799 Ber-nensis,
1378 748 1473 790 libri

158 822 388 875 typotheta³
410 822 577 873 egregie
598 820 648 861 de
665 820 819 861 litteris
834 819 1000 859 meruit.
1033 817 1229 857 Ceterum
1244 814 1472 864 sciendum,

159 892 320 929 restare
351 887 479 928 etiam
509 886 641 927 multa
672 885 856 926 carmina
887 896 936 924 ex
957 881 1193 924 duodecimi
1223 879 1473 933 praesertim

159 953 314 995 saeculi
344 952 552 994 codicibus
573 951 760 1001 collecta,
793 962 913 1002 quae,
943 961 994 990 ne
1016 948 1319 1001 praestitutum
1346 943 1475 987 semel

161 1020 343 1073 spatium
370 1018 650 1068 excederetur,
681 1017 722 1058 in
753 1027 952 1069 praesens
981 1015 1109 1055 missa
1139 1014 1217 1054 feci
1249 1012 1331 1053 alia
1357 1023 1474 1052 occa-

163 1088 277 1128 sione
307 1085 479 1126 edenda.
524 1084 756 1125 Historicas
787 1094 885 1123 vero
916 1081 1099 1122 rationes
1120 1080 1161 1120 in
1183 1078 1360 1131 singulis
1383 1089 1474 1118 car-

162 1152 342 1193 minibus
380 1151 522 1192 obvias
559 1162 699 1191 rerum
735 1161 759 1189 a
798 1147 961 1200 populis
992 1150 1204 1198 gestarum
1235 1145 1474 1197 perscruta-

161 1223 272 1260 tores
304 1218 453 1259 melius
475 1216 772 1268 explanaturos
793 1226 884 1255 esse
905 1225 978 1253 cur
1000 1212 1156 1253 infitias
1179 1210 1299 1252 eam‘?
1336 1208 1474 1258 Quare

162 1284 268 1326 hanc
314 1284 479 1336 quidem
524 1281 779 1335 provinciam
825 1280 912 1320 fere
952 1279 1152 1320 intactam
1200 1275 1352 1327 reliqui
1392 1274 1475 1315 illis

162 1350 406 1392 obeundam.
467 1348 586 1398 Quod
617 1347 713 1388 boni
744 1345 982 1388 consulant!

191 1458 428 1500 Scribebam
448 1457 609 1498 Bernae
630 1469 664 1497 a.
686 1456 722 1496 d.
744 1455 799 1495 VI
816 1455 907 1495 Kal.
928 1454 1017 1495 oct.
1036 1466 1071 1494 a.
1094 1450 1474 1494 MDCCCLXXVI.
