1643 2574
521 172 583 205 DE
609 172 829 208 SERMONE
855 174 996 208 VANO.

462 281 576 332 Ideo,
607 293 723 334 rogo,
754 288 901 325 cauete

464 346 577 388 Leue
607 360 773 389 carmen
804 361 1041 402 personare.

516 413 683 454 Abicite
713 426 823 456 uana
852 415 979 468 loqui.

515 501 648 542 Actus
684 505 848 544 uestros
880 504 1103 547 immutate

460 565 516 607 Et
545 568 755 620 corrigere
785 569 950 611 studete

462 632 517 674 Et
546 634 719 685 dignuin
749 634 826 676 deo
857 640 1005 688 parate

462 699 759 741 Habitaculum
784 701 826 742 in
857 702 991 743 corde.

515 765 681 807 Abicite
712 779 820 807 uana
850 768 976 820 loqui.

515 851 600 894 Ora
632 857 788 905 uestra,
819 868 926 907 quae
956 855 1159 898 factorem

459 917 736 977 Confitentur,
768 921 821 961 ad
850 921 1047 963 deuotam

460 984 633 1037 Semper
663 986 746 1027 sint
776 992 925 1039 parata
956 987 1133 1040 laudem7

460 1049 577 1092 Sicut
607 1051 725 1093 decet
755 1051 1023 1096 conditorem.

508 1115 673 1159 Abicite
703 1131 812 1159 uana
842 1120 967 1172 loqui.

510 1203 566 1245 Et
597 1205 695 1257 quid
727 1205 899 1258 prodest
931 1207 997 1250 hic
1028 1209 1194 1262 laetari,

390 1287 393 1289 ·
457 1269 500 1311 Si
530 1271 756 1323 contigerit
786 1273 960 1325 tristari,

455 1335 537 1376 Ubi
567 1342 633 1378 est
662 1340 856 1389 perennis
888 1340 990 1391 uita,

457 1401 621 1454 Gaudia
651 1416 817 1456 quoque
847 1408 1077 1449 mansura?

512 1468 674 1510 Abicite
706 1483 817 1512 uana
846 1472 973 1524 loqui.

506 1555 580 1605 Ne,
612 1569 779 1609 quaeso,
811 1559 984 1602 deludat
1013 1574 1212 1614 praesens

426 1644 430 1649 ·
455 1620 666 1663 Gaudium
697 1636 810 1665 meos
841 1626 1014 1678 sodales,

449 1686 530 1729 Sed
559 1689 723 1731 condite
754 1691 940 1744 adipisci,

447 1753 511 1794 Ad
542 1755 650 1807 quod
681 1757 784 1798 estis
816 1757 998 1801 inuitati.

502 1820 669 1863 Abicite
702 1835 813 1865 uana
843 1824 968 1877 loqui.

503 1908 598 1950 Non
631 1914 695 1951 est
726 1912 938 1964 gaudium,
970 1915 1081 1967 quod
1111 1914 1203 1957 finis

445 1974 658 2026 Angustat
691 1977 949 2030 deceptionis

443 2039 607 2092 Sedem,
639 2042 815 2095 laqueos
846 2045 917 2097 qui
948 2046 1079 2088 nectit

443 2105 618 2157 Ignaros
651 2112 779 2160 atque
811 2110 1033 2153 subuertit,

495 2172 659 2214 Abicite
692 2187 801 2216 uana
830 2176 956 2229 loqui.

199 2297 238 2332 V.
264 2300 305 2333 22
330 2312 371 2335 ae
395 2302 577 2337 deuotam.
618 2304 662 2338 ‘23
686 2307 823 2349 parate.
865 2308 905 2341 31
934 2308 1073 2353 Nequae
1120 2312 1314 2355 maehum,

114 2351 264 2387 deludat
308 2366 461 2399 presens.
506 2358 547 2391 :38
572 2359 724 2403 laqueti.

1401 172 1451 210 99

1411 433 1449 466 15

1404 785 1445 819 20

1398 1138 1439 1171 25

1397 1490 1440 1523 30

1393 1842 1435 1875 35

1377 2194 1419 2226 40

1339 2323 1428 2347 CO'P'Y.
