1643 2574
237 159 288 198 26

235 549 276 583 65

233 1534 275 1567 81)

233 1860 274 1894 85

623 162 844 199 CARMINA
866 162 1003 197 MEDII
1029 162 1152 197 AEVI.

347 303 1308 316 ...............

347 371 1035 381 ...........

345 538 425 579 Tot
454 550 481 578 u
513 568 889 577 ..........
922 534 963 575 di
993 534 1121 576 decui
1125 533 1238 575 sibus

344 601 670 657 C]he1ubimque
699 600 845 641 uultus
876 599 1198 652 comprobantur
1229 600 1428 651 quattuor

387 703 394 710 .
428 702 436 710 .
467 671 510 708 et
537 667 605 709 dei
633 666 810 719 gloriam
840 665 993 706 mundo
1024 664 1231 706 inuehunt

345 765 517 775 .....
548 733 680 785 gestis
711 735 774 773 tot
804 735 950 784 patent
980 731 1198 772 uolumina

399 831 571 841 .....
605 810 628 840 o
658 797 888 839 attributus
920 797 1106 849 iungitur
1137 796 1352 849 quinarius

344 864 414 919 El]
445 868 612 906 ementa
633 864 813 904 mundus
837 863 949 916 quod
971 863 1085 904 subit
1104 866 1198 915 post
1220 864 1419 915 quattuor

345 964 353 972 .
386 964 394 971 .
428 963 435 971 .
470 964 477 970 .
512 964 518 971 .
552 963 559 970 .
591 930 788 981 agulatus
818 933 964 981 estque
996 928 1257 978 naturaliter,

344 997 476 1038 Sexus
507 996 618 1049 quod
648 996 868 1048 utriusque
898 997 1063 1035 constat
1093 994 1271 1046 auspice,

343 1062 508 1113 Triade,
538 1063 609 1114 qui
638 1061 772 1102 uirilis
804 1073 894 1102 esse
924 1060 1116 1109 traditur,

343 1128 487 1178 Diade,
518 1127 715 1168 feminina
746 1138 852 1178 quae
882 1125 1120 1166 decernitur

342 1194 389 1234 In
420 1206 464 1235 se
493 1196 712 1235 reuertens
742 1191 821 1233 hoc
851 1191 973 1232 modo
1004 1191 1075 1243 qui
1106 1190 1270 1231 dicitur.

343 1259 533 1311 Namque
565 1259 651 1310 ipse
682 1269 755 1310 per
786 1269 831 1298 se
861 1260 1022 1297 ceteros
1053 1255 1119 1296 uel
1150 1256 1328 1308 impares

342 1326 502 1367 Ductus
533 1326 852 1377 repraesentare
882 1335 926 1363 se
955 1322 1196 1363 dinoscitur.

343 1391 423 1432 Per
454 1403 496 1432 se
527 1390 696 1443 quidem
726 1395 824 1430 sunt
854 1389 1037 1441 quinque
1067 1387 1220 1438 uiginti
1250 1386 1373 1427 simul

343 1456 423 1498 Ter
453 1460 579 1508 utque
611 1455 727 1497 ducti
756 1455 941 1506 quinque
971 1453 1150 1494 reddunt
1181 1451 1416 1505 quindecim

344 1522 400 1563 Et
430 1523 586 1574 septies
617 1522 793 1573 triginta
823 1521 1005 1572 quinque
1034 1519 1263 1572 proferunt.

342 1588 457 1629 Idem
489 1588 742 1641 quadragies
773 1587 926 1628 noueni
956 1586 1187 1638 quinquies.

344 1653 487 1695 Mundi
518 1653 696 1706 figuram
728 1654 912 1705 quinque
941 1663 1068 1692 zonae
1098 1651 1314 1691 continent

343 1719 583 1772 Sensusque
614 1719 746 1760 nostri
776 1718 1022 1759 diuiduntur
1053 1716 1287 1768 quinquies.

345 1785 423 1826 Tot
454 1785 599 1826 incolis
629 1784 695 1825 hic
724 1783 905 1825 mundus
935 1794 1032 1833 ergo
1062 1782 1268 1834 panditur,

343 1850 489 1901 Homo,
509 1850 746 1902 quadrupes
760 1849 830 1901 qui
848 1852 957 1899 sunt,
975 1851 1137 1897 natans,
1155 1858 1316 1898 repens,
1329 1845 1486 1886 volans.

331 2012 366 2046 V.
392 2016 518 2045 151—155
550 2016 744 2055 temporum
780 2011 970 2053 iniquitate
998 2010 1128 2043 Iniuste:
1165 2012 1206 2043 65
1231 2009 1299 2043 Tot
1323 2021 1346 2043 u
1370 2034 1378 2042 .
1404 2035 1410 2042 .
1437 2009 1459 2052 ,Ι
1485 2008 1540 2042 Se-

235 2068 411 2112 quebatur
436 2070 500 2101 (citt
525 2078 543 2101 e
567 2071 630 2101 aut
656 2079 685 2101 o.
711 2068 753 2100 tio'
776 2066 847 2108 fuit
870 2065 1126 2108 cherubinque.
1151 2067 1274 2097 67-71
1292 2064 1543 2097 desiderantur

236 2122 350 2156 initia.
394 2123 435 2155 «57
468 2125 505 2155 et
541 2121 598 2155 (lei
634 2131 747 2164 >vapra
785 2120 914 2153 lineum
944 2123 1067 2162 poszta
1102 2119 1373 2161 conspiciuntur
1407 2118 1542 2151 mundo

233 2177 271 2210 in
308 2177 344 2210 in
380 2186 449 2209 rus.
494 2176 536 2209 69
563 2201 656 2208 .....
684 2175 719 2217 01
756 2176 887 2218 quarto
925 2173 1109 2217 legendum
1145 2173 1296 2207 ridetur.
1328 2173 1367 2207 71
1397 2199 1428 2206 ..
1453 2183 1541 2215 ugu-

233 2231 343 2274 latus}
368 2230 571 2274 praecedit,
603 2231 642 2263 πί
670 2230 798 2271 fallor,
830 2240 867 2270 o,
901 2228 1153 2272 {mendumque
1183 2228 1224 2261 ob
1258 2227 1293 2260 id
1324 2227 1538 2271 eoagulatus

234 2285 375 2330 estque]
401 2285 689 2328 suprascriptum
715 2284 818 2327 quid,
854 2284 914 2317 secl
947 2284 1015 2327 lessi
1045 2284 1174 2326 nequet.
1212 2283 1252 2315 14
1277 2281 1421 2320 femina,
1447 2291 1535 2314 corr.

230 2340 416 2374 feminina.
453 2340 494 2373 76
519 2339 595 2383 ipse
623 2339 659 2372 in
686 2350 755 2372 ras.
790 2340 831 2372 &23
856 2338 1063 2382 sensusque]
1090 2349 1112 2370 n
1136 2338 1175 2370 in.
1201 2347 1268 2370 rus.
