<?xml version="1.0" encoding="UTF-8"?>
<!DOCTYPE html PUBLIC "-//W3C//DTD XHTML 1.0 Transitional//EN"
    "http://www.w3.org/TR/xhtml1/DTD/xhtml1-transitional.dtd">
<html xmlns="http://www.w3.org/1999/xhtml" xml:lang="en" lang="en">
 <head>
  <title>
</title>
<meta http-equiv="Content-Type" content="text/html;charset=utf-8" />
  <meta name='ocr-system' content='tesseract 3.04.00' />
  <meta name='ocr-capabilities' content='ocr_page ocr_carea ocr_par ocr_line ocrx_word'/>
</head>
<body>
  <div class='ocr_page' id='page_1' title='image "./carminamediiaevi00domuuoft_0097.png"; bbox 0 0 1643 2574; ppageno 0'>
   <div class='ocr_carea' id='block_1_1' title="bbox 252 155 1395 205">
    <p class='ocr_par' dir='ltr' id='par_1_1' title="bbox 252 155 1395 205">
     <span class='ocr_line' id='line_1_1' title="bbox 252 155 1395 205; baseline -0.01 0"><span class='ocrx_word' id='word_1_1' title='bbox 252 170 432 205; x_wconf 79' lang='lat' dir='ltr'><strong>VERSVS</strong></span> <span class='ocrx_word' id='word_1_2' title='bbox 456 169 508 203; x_wconf 89' lang='lat' dir='ltr'>IN</span> <span class='ocrx_word' id='word_1_3' title='bbox 533 168 723 203; x_wconf 88' lang='lat' dir='ltr'>NATALE</span> <span class='ocrx_word' id='word_1_4' title='bbox 748 166 917 202; x_wconf 78' lang='lat' dir='ltr'><strong>SANCTI</strong></span> <span class='ocrx_word' id='word_1_5' title='bbox 942 163 1244 200; x_wconf 82' lang='lat' dir='ltr'>MICHAHELIS.</span> <span class='ocrx_word' id='word_1_6' title='bbox 1348 155 1395 193; x_wconf 87' lang='grc'>71</span> 
     </span>
    </p>
   </div>
   <div class='ocr_carea' id='block_1_2' title="bbox 362 278 921 463">
    <p class='ocr_par' dir='ltr' id='par_1_2' title="bbox 362 278 921 463">
     <span class='ocr_line' id='line_1_2' title="bbox 362 278 921 329; baseline -0.007 -8"><span class='ocrx_word' id='word_1_7' title='bbox 362 279 540 321; x_wconf 85' lang='lat' dir='ltr'>Mundos</span> <span class='ocrx_word' id='word_1_8' title='bbox 569 278 706 328; x_wconf 80' lang='lat' dir='ltr'>corde,</span> <span class='ocrx_word' id='word_1_9' title='bbox 736 288 921 329; x_wconf 80' lang='lat' dir='ltr'>corpore,</span> 
     </span>
     <span class='ocr_line' id='line_1_3' title="bbox 363 344 827 387; baseline -0.011 1"><span class='ocrx_word' id='word_1_10' title='bbox 363 345 567 387; x_wconf 86' lang='lat' dir='ltr'>Paradiso</span> <span class='ocrx_word' id='word_1_11' title='bbox 596 344 722 385; x_wconf 85' lang='lat' dir='ltr'>redde</span> <span class='ocrx_word' id='word_1_12' title='bbox 753 346 827 384; x_wconf 82' lang='lat' dir='ltr'>tuo</span> 
     </span>
     <span class='ocr_line' id='line_1_4' title="bbox 363 408 869 463; baseline -0.01 -9"><span class='ocrx_word' id='word_1_13' title='bbox 363 412 451 454; x_wconf 92' lang='lat' dir='ltr'>Nos</span> <span class='ocrx_word' id='word_1_14' title='bbox 482 412 571 453; x_wconf 88' lang='lat' dir='ltr'>sola</span> <span class='ocrx_word' id='word_1_15' title='bbox 600 408 869 463; x_wconf 62' lang='lat' dir='ltr'>clemenstia}</span> 
     </span>
    </p>
   </div>
   <div class='ocr_carea' id='block_1_3' title="bbox 365 498 1406 872">
    <p class='ocr_par' dir='ltr' id='par_1_3' title="bbox 365 498 1406 872">
     <span class='ocr_line' id='line_1_5' title="bbox 422 498 903 551; baseline -0.008 -10"><span class='ocrx_word' id='word_1_16' title='bbox 422 500 609 541; x_wconf 81' lang='lat' dir='ltr'>Gloriam</span> <span class='ocrx_word' id='word_1_17' title='bbox 639 498 751 551; x_wconf 80' lang='lat' dir='ltr'>patri</span> <span class='ocrx_word' id='word_1_18' title='bbox 781 510 822 538; x_wconf 90' lang='lat' dir='ltr'>m</span> <span class='ocrx_word' id='word_1_19' title='bbox 854 531 861 538; x_wconf 84' lang='lat'><strong>.</strong></span> <span class='ocrx_word' id='word_1_20' title='bbox 896 530 903 537; x_wconf 91' lang='lat'>.</span> 
     </span>
     <span class='ocr_line' id='line_1_6' title="bbox 365 563 1406 613; baseline -0.009 -5"><span class='ocrx_word' id='word_1_21' title='bbox 365 567 641 608; x_wconf 82' lang='lat' dir='ltr'>Personemus</span> <span class='ocrx_word' id='word_1_22' title='bbox 670 563 856 613; x_wconf 79' lang='lat' dir='ltr'>uocibus,</span> <span class='ocrx_word' id='word_1_23' title='bbox 1363 569 1406 604; x_wconf 79' lang='lat'>20</span> 
     </span>
     <span class='ocr_line' id='line_1_7' title="bbox 366 629 995 679; baseline -0.008 -5"><span class='ocrx_word' id='word_1_24' title='bbox 366 633 554 675; x_wconf 80' lang='lat' dir='ltr'>Gloriam</span> <span class='ocrx_word' id='word_1_25' title='bbox 585 642 784 673; x_wconf 86' lang='lat' dir='ltr'>canamus</span> <span class='ocrx_word' id='word_1_26' title='bbox 815 629 995 679; x_wconf 78' lang='lat' dir='ltr'>Christo,</span> 
     </span>
     <span class='ocr_line' id='line_1_8' title="bbox 366 696 805 750; baseline -0.007 -10"><span class='ocrx_word' id='word_1_27' title='bbox 366 698 550 740; x_wconf 79' lang='lat' dir='ltr'>Gloriam</span> <span class='ocrx_word' id='word_1_28' title='bbox 580 696 805 750; x_wconf 76' lang='lat' dir='ltr'>paracleto,</span> 
     </span>
     <span class='ocr_line' id='line_1_9' title="bbox 369 761 999 815; baseline -0.01 -9"><span class='ocrx_word' id='word_1_29' title='bbox 369 765 448 815; x_wconf 82' lang='lat' dir='ltr'>Qui</span> <span class='ocrx_word' id='word_1_30' title='bbox 479 764 581 805; x_wconf 85' lang='lat' dir='ltr'>deus</span> <span class='ocrx_word' id='word_1_31' title='bbox 611 761 784 815; x_wconf 84' lang='lat' dir='ltr'>trin[us]</span> <span class='ocrx_word' id='word_1_32' title='bbox 818 764 860 801; x_wconf 79' lang='lat' dir='ltr'>et</span> <span class='ocrx_word' id='word_1_33' title='bbox 890 771 999 800; x_wconf 88' lang='lat' dir='ltr'>unus</span> 
     </span>
     <span class='ocr_line' id='line_1_10' title="bbox 369 828 829 872; baseline -0.013 0"><span class='ocrx_word' id='word_1_34' title='bbox 369 830 497 872; x_wconf 82' lang='lat' dir='ltr'><strong>Extat</strong></span> <span class='ocrx_word' id='word_1_35' title='bbox 525 833 622 871; x_wconf 85' lang='lat' dir='ltr'>ante</span> <span class='ocrx_word' id='word_1_36' title='bbox 653 828 829 869; x_wconf 80' lang='lat' dir='ltr'>saecula.</span> 
     </span>
    </p>
   </div>
   <div class='ocr_carea' id='block_1_4' title="bbox 619 927 881 933">
    <p class='ocr_par' dir='ltr' id='par_1_4' title="bbox 619 927 881 933">
     <span class='ocr_line' id='line_1_11' title="bbox 619 927 881 933; baseline 0 0"><span class='ocrx_word' id='word_1_37' title='bbox 619 927 881 933; x_wconf 95' lang='lat' dir='ltr'> </span> 
     </span>
    </p>
   </div>
   <div class='ocr_carea' id='block_1_5' title="bbox 197 1012 1335 1158">
    <p class='ocr_par' dir='ltr' id='par_1_5' title="bbox 197 1012 1335 1158">
     <span class='ocr_line' id='line_1_12' title="bbox 683 1012 834 1055; baseline -0.013 0"><span class='ocrx_word' id='word_1_38' title='bbox 683 1012 834 1055; x_wconf 89' lang='lat' dir='ltr'>XLVI.</span> 
     </span>
     <span class='ocr_line' id='line_1_13' title="bbox 197 1096 1335 1158; baseline -0.009 1"><span class='ocrx_word' id='word_1_39' title='bbox 197 1103 407 1158; x_wconf 73' lang='lat' dir='ltr'><strong>VERSVS</strong></span> <span class='ocrx_word' id='word_1_40' title='bbox 444 1103 496 1157; x_wconf 87' lang='grc' dir='ltr'>ΙΝ</span> <span class='ocrx_word' id='word_1_41' title='bbox 531 1102 731 1156; x_wconf 72' lang='lat' dir='ltr'>NATALE</span> <span class='ocrx_word' id='word_1_42' title='bbox 767 1099 954 1154; x_wconf 68' lang='lat' dir='ltr'>slNcrl</span> <span class='ocrx_word' id='word_1_43' title='bbox 988 1096 1335 1152; x_wconf 66' lang='lat' dir='ltr'>Mlcnlflffls.</span> 
     </span>
    </p>
   </div>
   <div class='ocr_carea' id='block_1_6' title="bbox 318 1208 1210 1462">
    <p class='ocr_par' dir='ltr' id='par_1_6' title="bbox 318 1208 1210 1264">
     <span class='ocr_line' id='line_1_14' title="bbox 318 1208 1210 1264; baseline -0.008 -9"><span class='ocrx_word' id='word_1_44' title='bbox 318 1213 497 1264; x_wconf 80' lang='lat' dir='ltr'>Christe,</span> <span class='ocrx_word' id='word_1_45' title='bbox 527 1216 767 1254; x_wconf 86' lang='lat' dir='ltr'>sanctorum</span> <span class='ocrx_word' id='word_1_46' title='bbox 799 1210 925 1251; x_wconf 87' lang='lat' dir='ltr'>decus</span> <span class='ocrx_word' id='word_1_47' title='bbox 956 1208 1210 1261; x_wconf 79' lang='lat' dir='ltr'>angelorum,</span> 
     </span>
    </p>

    <p class='ocr_par' dir='ltr' id='par_1_7' title="bbox 318 1276 1126 1330">
     <span class='ocr_line' id='line_1_15' title="bbox 318 1276 1126 1330; baseline -0.009 -8"><span class='ocrx_word' id='word_1_48' title='bbox 318 1280 470 1322; x_wconf 81' lang='lat' dir='ltr'>Rector</span> <span class='ocrx_word' id='word_1_49' title='bbox 499 1279 673 1320; x_wconf 89' lang='lat' dir='ltr'>humani</span> <span class='ocrx_word' id='word_1_50' title='bbox 703 1276 865 1330; x_wconf 84' lang='lat' dir='ltr'>generis</span> <span class='ocrx_word' id='word_1_51' title='bbox 896 1280 938 1317; x_wconf 75' lang='lat' dir='ltr'>et</span> <span class='ocrx_word' id='word_1_52' title='bbox 968 1278 1126 1326; x_wconf 80' lang='lat' dir='ltr'>auctor,</span> 
     </span>
    </p>

    <p class='ocr_par' dir='ltr' id='par_1_8' title="bbox 319 1342 1097 1462">
     <span class='ocr_line' id='line_1_16' title="bbox 319 1342 1097 1394; baseline -0.008 -7"><span class='ocrx_word' id='word_1_53' title='bbox 319 1346 449 1388; x_wconf 86' lang='lat' dir='ltr'>Nobis</span> <span class='ocrx_word' id='word_1_54' title='bbox 479 1348 696 1387; x_wconf 78' lang='lat' dir='ltr'>aeternum</span> <span class='ocrx_word' id='word_1_55' title='bbox 725 1342 863 1384; x_wconf 82' lang='lat' dir='ltr'>tribue</span> <span class='ocrx_word' id='word_1_56' title='bbox 892 1342 1097 1394; x_wconf 82' lang='lat' dir='ltr'>benignus</span> 
     </span>
     <span class='ocr_line' id='line_1_17' title="bbox 375 1411 799 1462; baseline -0.012 -8"><span class='ocrx_word' id='word_1_57' title='bbox 375 1411 583 1454; x_wconf 80' lang='lat' dir='ltr'>Scandere</span> <span class='ocrx_word' id='word_1_58' title='bbox 612 1421 799 1462; x_wconf 86' lang='lat' dir='ltr'>regnum.</span> 
     </span>
    </p>
   </div>
   <div class='ocr_carea' id='block_1_7' title="bbox 321 1490 1416 1745">
    <p class='ocr_par' dir='ltr' id='par_1_9' title="bbox 321 1490 1416 1669">
     <span class='ocr_line' id='line_1_18' title="bbox 321 1490 1416 1547; baseline -0.006 -11"><span class='ocrx_word' id='word_1_59' title='bbox 321 1495 527 1547; x_wconf 76' lang='lat' dir='ltr'>Angelum</span> <span class='ocrx_word' id='word_1_60' title='bbox 555 1493 670 1546; x_wconf 87' lang='lat' dir='ltr'>pacis</span> <span class='ocrx_word' id='word_1_61' title='bbox 700 1491 909 1534; x_wconf 89' lang='lat' dir='ltr'>Michahel</span> <span class='ocrx_word' id='word_1_62' title='bbox 940 1490 993 1531; x_wconf 83' lang='lat' dir='ltr'>ad</span> <span class='ocrx_word' id='word_1_63' title='bbox 1022 1491 1149 1531; x_wconf 79' lang='lat' dir='ltr'>istam</span> <span class='ocrx_word' id='word_1_64' title='bbox 1398 1497 1416 1530; x_wconf 81' lang='lat'>5</span> 
     </span>
     <span class='ocr_line' id='line_1_19' title="bbox 322 1556 1138 1611; baseline -0.009 -8"><span class='ocrx_word' id='word_1_65' title='bbox 322 1561 508 1604; x_wconf 79' lang='lat' dir='ltr'>Caelitus</span> <span class='ocrx_word' id='word_1_66' title='bbox 538 1560 674 1604; x_wconf 78' lang='lat' dir='ltr'>mitte,</span> <span class='ocrx_word' id='word_1_67' title='bbox 705 1559 952 1611; x_wconf 76' lang='lat' dir='ltr'>rogitamus,</span> <span class='ocrx_word' id='word_1_68' title='bbox 983 1556 1138 1607; x_wconf 80' lang='lat' dir='ltr'>aulam,</span> 
     </span>
     <span class='ocr_line' id='line_1_20' title="bbox 322 1624 1153 1669; baseline -0.007 0"><span class='ocrx_word' id='word_1_69' title='bbox 322 1627 454 1669; x_wconf 91' lang='lat' dir='ltr'>Nobis</span> <span class='ocrx_word' id='word_1_70' title='bbox 483 1631 531 1668; x_wconf 80' lang='lat' dir='ltr'>ut</span> <span class='ocrx_word' id='word_1_71' title='bbox 561 1626 705 1667; x_wconf 88' lang='lat' dir='ltr'>crebro</span> <span class='ocrx_word' id='word_1_72' title='bbox 736 1625 932 1666; x_wconf 80' lang='lat' dir='ltr'>ueniente</span> <span class='ocrx_word' id='word_1_73' title='bbox 963 1624 1153 1665; x_wconf 79' lang='lat' dir='ltr'>crescant</span> 
     </span>
    </p>

    <p class='ocr_par' dir='ltr' id='par_1_10' title="bbox 379 1693 778 1745">
     <span class='ocr_line' id='line_1_21' title="bbox 379 1693 778 1745; baseline -0.008 -11"><span class='ocrx_word' id='word_1_74' title='bbox 379 1693 586 1745; x_wconf 88' lang='lat' dir='ltr'>Prospera</span> <span class='ocrx_word' id='word_1_75' title='bbox 616 1694 778 1733; x_wconf 82' lang='lat' dir='ltr'>cuncta.</span> 
     </span>
    </p>
   </div>
   <div class='ocr_carea' id='block_1_8' title="bbox 325 1770 1423 2013">
    <p class='ocr_par' dir='ltr' id='par_1_11' title="bbox 325 1770 1423 1959">
     <span class='ocr_line' id='line_1_22' title="bbox 325 1770 1163 1828; baseline -0.008 -12"><span class='ocrx_word' id='word_1_76' title='bbox 325 1776 510 1828; x_wconf 81' lang='lat' dir='ltr'>Angelus</span> <span class='ocrx_word' id='word_1_77' title='bbox 540 1774 661 1815; x_wconf 78' lang='lat' dir='ltr'>fortis</span> <span class='ocrx_word' id='word_1_78' title='bbox 692 1771 889 1815; x_wconf 86' lang='lat' dir='ltr'>Gabrihel</span> <span class='ocrx_word' id='word_1_79' title='bbox 920 1774 967 1812; x_wconf 80' lang='lat' dir='ltr'>ut</span> <span class='ocrx_word' id='word_1_80' title='bbox 998 1770 1163 1811; x_wconf 79' lang='lat' dir='ltr'>hostem</span> 
     </span>
     <span class='ocr_line' id='line_1_23' title="bbox 325 1835 1423 1891; baseline -0.007 -8"><span class='ocrx_word' id='word_1_81' title='bbox 325 1841 462 1883; x_wconf 78' lang='lat' dir='ltr'>Pellat</span> <span class='ocrx_word' id='word_1_82' title='bbox 490 1840 721 1891; x_wconf 81' lang='lat' dir='ltr'>antiquum,</span> <span class='ocrx_word' id='word_1_83' title='bbox 754 1839 905 1879; x_wconf 82' lang='lat' dir='ltr'>uolitet</span> <span class='ocrx_word' id='word_1_84' title='bbox 935 1836 987 1877; x_wconf 86' lang='lat' dir='ltr'>ab</span> <span class='ocrx_word' id='word_1_85' title='bbox 1018 1835 1117 1886; x_wconf 86' lang='lat' dir='ltr'>alto,</span> <span class='ocrx_word' id='word_1_86' title='bbox 1382 1843 1423 1876; x_wconf 83' lang='lat'>10</span> 
     </span>
     <span class='ocr_line' id='line_1_24' title="bbox 329 1902 1143 1959; baseline -0.009 -11"><span class='ocrx_word' id='word_1_87' title='bbox 329 1907 503 1959; x_wconf 86' lang='lat' dir='ltr'>Saepius</span> <span class='ocrx_word' id='word_1_88' title='bbox 534 1906 738 1957; x_wconf 82' lang='lat' dir='ltr'>templum</span> <span class='ocrx_word' id='word_1_89' title='bbox 768 1903 912 1945; x_wconf 80' lang='lat' dir='ltr'>ueniat</span> <span class='ocrx_word' id='word_1_90' title='bbox 942 1906 984 1943; x_wconf 82' lang='lat' dir='ltr'>et</span> <span class='ocrx_word' id='word_1_91' title='bbox 1014 1902 1143 1943; x_wconf 80' lang='lat' dir='ltr'>istum</span> 
     </span>
    </p>

    <p class='ocr_par' dir='ltr' id='par_1_12' title="bbox 384 1972 761 2013">
     <span class='ocr_line' id='line_1_25' title="bbox 384 1972 761 2013; baseline -0.011 0"><span class='ocrx_word' id='word_1_92' title='bbox 384 1972 532 2013; x_wconf 89' lang='lat' dir='ltr'>Visere</span> <span class='ocrx_word' id='word_1_93' title='bbox 562 1974 761 2012; x_wconf 79' lang='lat' dir='ltr'>nostrum.</span> 
     </span>
    </p>
   </div>
   <div class='ocr_carea' id='block_1_9' title="bbox 110 2052 369 2056">
    <p class='ocr_par' dir='ltr' id='par_1_13' title="bbox 110 2052 369 2056">
     <span class='ocr_line' id='line_1_26' title="bbox 110 2052 369 2056; baseline 0 0"><span class='ocrx_word' id='word_1_94' title='bbox 110 2052 369 2056; x_wconf 95' lang='lat' dir='ltr'> </span> 
     </span>
    </p>
   </div>
   <div class='ocr_carea' id='block_1_10' title="bbox 113 2075 1426 2399">
    <p class='ocr_par' dir='ltr' id='par_1_14' title="bbox 113 2075 1424 2181">
     <span class='ocr_line' id='line_1_27' title="bbox 200 2075 1424 2126; baseline -0.007 -10"><span class='ocrx_word' id='word_1_95' title='bbox 200 2083 241 2116; x_wconf 89' lang='lat' dir='ltr'>V.</span> <span class='ocrx_word' id='word_1_96' title='bbox 266 2083 307 2117; x_wconf 84' lang='lat'>19</span> <span class='ocrx_word' id='word_1_97' title='bbox 331 2081 442 2126; x_wconf 76' lang='lat' dir='ltr'>patri]</span> <span class='ocrx_word' id='word_1_98' title='bbox 467 2080 562 2124; x_wconf 76' lang='lat' dir='ltr'>quod</span> <span class='ocrx_word' id='word_1_99' title='bbox 586 2080 801 2123; x_wconf 76' lang='lat' dir='ltr'>sequebatur</span> <span class='ocrx_word' id='word_1_100' title='bbox 825 2077 1033 2112; x_wconf 63' lang='lat' dir='ltr'>vocabulum</span> <span class='ocrx_word' id='word_1_101' title='bbox 1061 2076 1214 2110; x_wconf 66' lang='lat' dir='ltr'>evanuit.</span> <span class='ocrx_word' id='word_1_102' title='bbox 1252 2075 1294 2108; x_wconf 79' lang='lat'>22</span> <span class='ocrx_word' id='word_1_103' title='bbox 1318 2084 1424 2118; x_wconf 84' lang='lat' dir='ltr'>para-</span> 
     </span>
     <span class='ocr_line' id='line_1_28' title="bbox 113 2136 611 2181; baseline -0.008 -9"><span class='ocrx_word' id='word_1_104' title='bbox 113 2138 221 2181; x_wconf 72' lang='lat' dir='ltr'>clyto.</span> <span class='ocrx_word' id='word_1_105' title='bbox 258 2137 300 2170; x_wconf 81' lang='lat'>24</span> <span class='ocrx_word' id='word_1_106' title='bbox 325 2136 470 2170; x_wconf 81' lang='lat' dir='ltr'>saecula</span> <span class='ocrx_word' id='word_1_107' title='bbox 493 2146 611 2169; x_wconf 88' lang='lat' dir='ltr'>amen.</span> 
     </span>
    </p>

    <p class='ocr_par' dir='ltr' id='par_1_15' title="bbox 201 2188 922 2231">
     <span class='ocr_line' id='line_1_29' title="bbox 201 2188 922 2231; baseline -0.008 -5"><span class='ocrx_word' id='word_1_108' title='bbox 201 2192 321 2226; x_wconf 85' lang='lat' dir='ltr'>XLVI.</span> <span class='ocrx_word' id='word_1_109' title='bbox 348 2191 430 2225; x_wconf 77' lang='lat' dir='ltr'>Cod.</span> <span class='ocrx_word' id='word_1_110' title='bbox 456 2190 566 2224; x_wconf 68' lang='lat' dir='ltr'>Ber-n.</span> <span class='ocrx_word' id='word_1_111' title='bbox 591 2192 655 2222; x_wconf 87' lang='grc'>455</span> <span class='ocrx_word' id='word_1_112' title='bbox 679 2199 704 2223; x_wconf 76' lang='lat' dir='ltr'>s.</span> <span class='ocrx_word' id='word_1_113' title='bbox 733 2188 772 2221; x_wconf 87' lang='lat' dir='ltr'><strong><em>X</em></strong></span> <span class='ocrx_word' id='word_1_114' title='bbox 793 2189 819 2231; x_wconf 76' lang='lat' dir='ltr'>f.</span> <span class='ocrx_word' id='word_1_115' title='bbox 846 2191 886 2220; x_wconf 84' lang='grc'>12</span> <span class='ocrx_word' id='word_1_116' title='bbox 899 2195 922 2220; x_wconf 63' lang='lat' dir='ltr'>a.</span> 
     </span>
    </p>

    <p class='ocr_par' dir='ltr' id='par_1_16' title="bbox 113 2237 1426 2399">
     <span class='ocr_line' id='line_1_30' title="bbox 201 2237 1425 2288; baseline -0.008 -7"><span class='ocrx_word' id='word_1_117' title='bbox 201 2247 242 2281; x_wconf 84' lang='lat' dir='ltr'>V.</span> <span class='ocrx_word' id='word_1_118' title='bbox 268 2247 287 2280; x_wconf 70' lang='lat'>:3</span> <span class='ocrx_word' id='word_1_119' title='bbox 324 2246 463 2280; x_wconf 54' lang='lat' dir='ltr'>tribuae.</span> <span class='ocrx_word' id='word_1_120' title='bbox 508 2247 527 2279; x_wconf 82' lang='lat'>5</span> <span class='ocrx_word' id='word_1_121' title='bbox 563 2244 736 2288; x_wconf 64' lang='lat' dir='ltr'>angelus„</span> <span class='ocrx_word' id='word_1_122' title='bbox 773 2253 861 2276; x_wconf 70' lang='lat' dir='ltr'>corr.</span> <span class='ocrx_word' id='word_1_123' title='bbox 898 2242 1070 2286; x_wconf 83' lang='lat' dir='ltr'>angelum</span> <span class='ocrx_word' id='word_1_124' title='bbox 1117 2240 1239 2281; x_wconf 66' lang='lat' dir='ltr'>sistat,</span> <span class='ocrx_word' id='word_1_125' title='bbox 1265 2249 1354 2272; x_wconf 70' lang='lat' dir='ltr'>corr.</span> <span class='ocrx_word' id='word_1_126' title='bbox 1379 2237 1425 2271; x_wconf 86' lang='lat' dir='ltr'>ad</span> 
     </span>
     <span class='ocr_line' id='line_1_31' title="bbox 113 2294 1426 2345; baseline -0.007 -10"><span class='ocrx_word' id='word_1_127' title='bbox 113 2302 228 2335; x_wconf 71' lang='lat' dir='ltr'>istam.</span> <span class='ocrx_word' id='word_1_128' title='bbox 265 2302 285 2334; x_wconf 76' lang='grc'>8</span> <span class='ocrx_word' id='word_1_129' title='bbox 308 2311 480 2345; x_wconf 85' lang='lat' dir='ltr'>prospera</span> <span class='ocrx_word' id='word_1_130' title='bbox 511 2299 655 2342; x_wconf 72' lang='lat' dir='ltr'>cuncta]</span> <span class='ocrx_word' id='word_1_131' title='bbox 688 2310 771 2342; x_wconf 82' lang='lat' dir='ltr'>pro,</span> <span class='ocrx_word' id='word_1_132' title='bbox 795 2297 976 2341; x_wconf 69' lang='lat' dir='ltr'>supplevit</span> <span class='ocrx_word' id='word_1_133' title='bbox 1008 2308 1050 2330; x_wconf 82' lang='lat' dir='ltr'>m.</span> <span class='ocrx_word' id='word_1_134' title='bbox 1077 2296 1132 2330; x_wconf 91' lang='grc' dir='ltr'>ΙΙ.</span> <span class='ocrx_word' id='word_1_135' title='bbox 1172 2296 1191 2329; x_wconf 78' lang='grc'>9</span> <span class='ocrx_word' id='word_1_136' title='bbox 1217 2297 1257 2328; x_wconf 78' lang='lat' dir='ltr'>ut</span> <span class='ocrx_word' id='word_1_137' title='bbox 1287 2294 1426 2331; x_wconf 76' lang='lat' dir='ltr'>fortem,</span> 
     </span>
     <span class='ocr_line' id='line_1_32' title="bbox 114 2354 842 2399; baseline -0.005 -9"><span class='ocrx_word' id='word_1_138' title='bbox 114 2366 295 2399; x_wconf 72' lang='lat' dir='ltr'>suprascr.</span> <span class='ocrx_word' id='word_1_139' title='bbox 320 2355 462 2390; x_wconf 75' lang='lat' dir='ltr'>hostem</span> <span class='ocrx_word' id='word_1_140' title='bbox 486 2366 529 2388; x_wconf 82' lang='lat' dir='ltr'>m.</span> <span class='ocrx_word' id='word_1_141' title='bbox 556 2354 610 2388; x_wconf 88' lang='lat' dir='ltr'>II.</span> <span class='ocrx_word' id='word_1_142' title='bbox 648 2354 685 2387; x_wconf 86' lang='grc'>11</span> <span class='ocrx_word' id='word_1_143' title='bbox 713 2354 842 2396; x_wconf 74' lang='lat' dir='ltr'>sepius.</span> 
     </span>
    </p>
   </div>
  </div>
 </body>
</html>
