1643 2574
658 176 718 209 DE
742 175 939 222 IEIVNIO.
1379 169 1450 207 101

468 286 528 329 Ut
557 299 640 328 non
672 286 734 327 his
765 286 953 327 damnati
984 287 1126 338 poenis

469 353 520 394 In
547 356 799 405 perpetuum
833 353 1015 404 ploretis.

525 418 659 459 Amen
690 418 750 459 sic
781 417 911 459 faciat
940 418 1053 460 deus.
1416 428 1457 461 70

526 518 624 560 Sine
657 517 751 568 fine,
782 517 855 559 sed
886 530 979 559 eum
1010 518 1176 560 Christo

472 584 658 625 Liber-ati
688 583 738 624 ab
769 582 846 624 hoe
875 583 983 624 malo

472 649 718 691 Mereamini
749 649 901 690 laetari
958 683 962 685 -

473 716 530 757 Et
561 728 654 757 cum
685 716 840 756 sanetis
870 715 1053 767 gloriari.

527 782 660 822 Amen
693 781 753 822 sie
783 781 910 822 faeiat
939 780 1051 822 deus.
1418 791 1459 824 75

529 881 623 922 Tibi
654 881 761 932 latis,
794 881 960 922 Christe
990 881 1241 934 redemptor,

477 947 559 998 Qui
590 960 633 989 es
665 948 847 989 omnium
880 950 1106 1000 protector⁷

478 1014 599 1056 Nunc
629 1018 670 1056 et
699 1026 865 1067 semper
895 1017 935 1055 et
966 1015 1013 1055 in
1037 1026 1187 1055 aeuum

478 1080 556 1121 Per
586 1080 752 1121 saecula
782 1080 1054 1121 saeculorum.

534 1146 666 1188 Amen
698 1146 756 1188 sie
787 1146 913 1188 faeiat
945 1146 1058 1187 (leus.
1421 1154 1463 1189 80

754 1424 860 1466 LIX.

536 1535 658 1585 Audi,
694 1534 868 1586 benigne
898 1533 1101 1584 eonditor,

480 1600 659 1642 Nostras
689 1612 832 1653 preces
863 1613 955 1641 cum
987 1600 1152 1642 fletibus

477 1667 524 1708 In
555 1667 634 1708 hoc
664 1679 783 1708 sacro
809 1667 962 1708 ieiunio

478 1732 612 1775 Fusas
642 1733 987 1785 quadragenario.

533 1832 754 1875 Scrutator
783 1833 890 1874 alme
921 1833 1121 1883 cordium,
1446 1844 1465 1876 5

480 1897 651 1940 Infirma
683 1903 727 1940 tu
760 1900 841 1940 seis
872 1899 1038 1949 uirium,

479 1964 546 2005 Ad
576 1969 617 2006 te
646 1965 829 2006 reuersis
861 1964 1009 2006 exhibe

482 2030 751 2073 Remissionis
779 2032 972 2083 gratiam.

242 2172 284 2206 V.
310 2173 351 2207 70
376 2173 626 2207 Amen—deus
650 2173 690 2206 in
714 2183 796 2215 ras„
822 2177 862 2206 ut
891 2184 1027 2207 versum
1052 2174 1301 2207 intercalarem
1326 2172 1465 2206 Abicite

151 2230 214 2261 etc.
239 2227 419 2270 subfuisse
440 2230 577 2271 pateat.
609 2227 651 2262 78
676 2238 793 2261 enum.
839 2228 881 2261 80
909 2229 966 2270 (ut
992 2239 1019 2262 r.
1045 2230 1100 2270 75)
1124 2229 1245 2262 fatiat.

243 2294 331 2328 LIX.
359 2294 442 2328 Cocl.
467 2293 576 2327 Rern.
601 2297 666 2326 455
689 2304 715 2327 s.
744 2293 783 2327 X
804 2295 828 2336 f.
854 2295 931 2326 25¹³.

243 2360 285 2394 V.
310 2361 325 2394 1
352 2359 546 2405 begnigne.
593 2360 611 2393 7
637 2360 782 2394 exibere
806 2360 996 2394 missionis.
