1643 2574
211 160 264 199 44
400 203 405 208 ,
605 164 824 199 CARMINA
848 163 913 197 ME
919 163 984 198 DII
1009 162 1133 197 AEVI.

803 372 940 414 XXII.

705 476 834 529 ΙΊἝΜ
870 475 1043 529 ΑΙᾸῊ).

547 592 582 633 A
612 591 710 633 solis
742 594 858 632 ortus
888 590 1056 632 cardine

491 658 692 710 Adusque
722 660 861 697 terrae
889 656 1067 696 limitem

494 723 707 766 Christum
737 732 934 763 canamus
966 720 1194 773 principem

493 790 649 831 Natum
680 788 815 830 Maria
844 788 1021 839 uirgine.

240 910 259 943 5
546 895 702 936 Beatus
734 896 881 934 auctor
911 891 1067 933 saeculi

492 960 654 1003 Seruile
684 971 833 1011 corpus
863 958 1010 1004 induit,

493 1026 552 1068 Ut
582 1037 706 1067 carne
738 1036 904 1066 carnem
933 1023 1116 1064 liberans

495 1092 587 1134 Non
617 1091 825 1144 perderet,
857 1089 966 1142 quod
999 1087 1194 1130 condidit.

549 1195 700 1237 Clausa
730 1193 917 1246 parentis
948 1192 1110 1233 uiscera

222 1276 261 1309 10
495 1261 697 1304 Caelestis
728 1260 859 1301 intrat
887 1258 1036 1311 gratia,

495 1327 653 1368 Venter
683 1324 846 1379 puellae
877 1324 1050 1373 baiulat,

496 1393 666 1436 Secreta
697 1403 803 1444 quae
834 1402 914 1431 non
945 1392 1132 1430 nouerat.

550 1496 711 1537 Domus
741 1494 883 1547 pudici
913 1491 1093 1545 pectoris

496 1560 716 1613 Templum
747 1563 918 1612 repente
949 1559 994 1599 fit
1025 1558 1102 1609 dei,

224 1641 263 1674 15
498 1628 662 1669 Intacta
691 1626 881 1667 nesciens
913 1625 1050 1665 uirum

497 1694 635 1735 Verbo
666 1692 854 1745 concepit
883 1691 1026 1732 filiuni.

551 1796 686 1838 Enixa
716 1800 779 1837 est
809 1806 1026 1848 puerpera,

499 1863 631 1913 Quem
662 1861 860 1903 Gabrihel
891 1859 1170 1913 praedixerat,

500 1929 631 1980 Quem
662 1928 820 1979 matris
841 1926 936 1968 aluo
967 1926 1151 1979 gestiens

225 2008 266 2042 20
502 1995 680 2037 Clausus
710 1993 917 2034 Iohannes
947 1994 1149 2033 senserat.

312 2126 423 2161 XXII.
462 2125 545 2160 Cod.
584 2125 692 2159 Rern.
729 2127 793 2156 455
828 2133 854 2157 s.
893 2122 931 2155 X
963 2123 988 2164 f.
1026 2123 1077 2155 lb.
1115 2120 1383 2163 Pracscriptum
1417 2118 1531 2152 ITEM

228 2182 390 2217 ALIVM.
416 2181 487 2215 Est
512 2181 666 2225 hymnus
690 2179 920 2214 abecedarius
944 2189 966 2211 α
992 2178 1112 2211 littera
1137 2177 1171 2210 A
1195 2185 1305 2219 usquc
1329 2173 1376 2208 ad
1402 2173 1443 2209 G.

314 2237 356 2271 V.
377 2238 392 2270 1
419 2238 531 2273 ortus,
557 2246 646 2269 corr.
665 2237 746 2269 ortu
793 2236 896 2268 terre.
920 2235 940 2267 :3
957 2231 1154 2275 Christum]
1171 2231 1243 2273 fuit
1260 2229 1400 2264 Christo
1436 2228 1533 2272 prin-

229 2291 359 2337 cipem]
391 2291 464 2334 fuit
497 2290 666 2335 principi.
701 2291 721 2323 4
751 2289 867 2323 Maria
898 2287 1058 2331 uirgine,
1090 2296 1180 2320 corr.
1206 2284 1341 2319 Mariae
1372 2282 1531 2328 uirginis.

227 2349 245 2381 7
271 2354 374 2381 cai-¹¹⁶.
413 2346 449 2379 11
477 2344 611 2389 puella7
637 2355 725 2378 corr.
751 2344 906 2388 puellae.
