<?xml version="1.0" encoding="UTF-8"?>
<!DOCTYPE html PUBLIC "-//W3C//DTD XHTML 1.0 Transitional//EN"
    "http://www.w3.org/TR/xhtml1/DTD/xhtml1-transitional.dtd">
<html xmlns="http://www.w3.org/1999/xhtml" xml:lang="en" lang="en">
 <head>
  <title>
</title>
<meta http-equiv="Content-Type" content="text/html;charset=utf-8" />
  <meta name='ocr-system' content='tesseract 3.04.00' />
  <meta name='ocr-capabilities' content='ocr_page ocr_carea ocr_par ocr_line ocrx_word'/>
</head>
<body>
  <div class='ocr_page' id='page_1' title='image "./carminamediiaevi00domuuoft_0155.png"; bbox 0 0 1643 2574; ppageno 0'>
   <div class='ocr_carea' id='block_1_1' title="bbox 420 149 1421 193">
    <p class='ocr_par' dir='ltr' id='par_1_1' title="bbox 420 149 1421 193">
     <span class='ocr_line' id='line_1_1' title="bbox 420 149 1421 193; baseline -0.007 0"><span class='ocrx_word' id='word_1_1' title='bbox 420 158 718 193; x_wconf 83' lang='lat' dir='ltr'><strong>ACROSTICHA</strong></span> <span class='ocrx_word' id='word_1_2' title='bbox 741 158 927 192; x_wconf 76' lang='lat' dir='ltr'><strong>RABANI</strong></span> <span class='ocrx_word' id='word_1_3' title='bbox 952 157 1118 192; x_wconf 87' lang='lat' dir='ltr'><strong>MAVRI.</strong></span> <span class='ocrx_word' id='word_1_4' title='bbox 1348 149 1421 187; x_wconf 83' lang='lat'>127</span> 
     </span>
    </p>
   </div>
   <div class='ocr_carea' id='block_1_2' title="bbox 165 266 1426 2097">
    <p class='ocr_par' dir='ltr' id='par_1_2' title="bbox 167 266 1160 321">
     <span class='ocr_line' id='line_1_2' title="bbox 167 266 1160 321; baseline -0.005 -9"><span class='ocrx_word' id='word_1_5' title='bbox 167 271 333 312; x_wconf 89' lang='lat' dir='ltr'>Ornans</span> <span class='ocrx_word' id='word_1_6' title='bbox 363 270 504 321; x_wconf 88' lang='lat' dir='ltr'>sicque</span> <span class='ocrx_word' id='word_1_7' title='bbox 533 271 632 310; x_wconf 86' lang='lat' dir='ltr'>tuae</span> <span class='ocrx_word' id='word_1_8' title='bbox 664 268 834 309; x_wconf 78' lang='lat' dir='ltr'>deitatis</span> <span class='ocrx_word' id='word_1_9' title='bbox 864 268 955 308; x_wconf 89' lang='lat' dir='ltr'>iura</span> <span class='ocrx_word' id='word_1_10' title='bbox 986 266 1160 317; x_wconf 88' lang='lat' dir='ltr'>reuelas,</span> 
     </span>
    </p>

    <p class='ocr_par' dir='ltr' id='par_1_3' title="bbox 165 334 1424 583">
     <span class='ocr_line' id='line_1_3' title="bbox 168 334 1424 388; baseline -0.002 -11"><span class='ocrx_word' id='word_1_11' title='bbox 168 336 314 388; x_wconf 81' lang='lat' dir='ltr'>Dignis</span> <span class='ocrx_word' id='word_1_12' title='bbox 344 335 454 377; x_wconf 91' lang='lat' dir='ltr'>unde</span> <span class='ocrx_word' id='word_1_13' title='bbox 484 338 648 387; x_wconf 88' lang='lat' dir='ltr'>patrem</span> <span class='ocrx_word' id='word_1_14' title='bbox 680 346 889 375; x_wconf 88' lang='lat' dir='ltr'>summum</span> <span class='ocrx_word' id='word_1_15' title='bbox 919 337 961 374; x_wconf 90' lang='lat' dir='ltr'>te</span> <span class='ocrx_word' id='word_1_16' title='bbox 991 334 1098 375; x_wconf 87' lang='lat' dir='ltr'>scire</span> <span class='ocrx_word' id='word_1_17' title='bbox 1129 343 1326 384; x_wconf 85' lang='lat' dir='ltr'>queamus</span> <span class='ocrx_word' id='word_1_18' title='bbox 1406 344 1424 375; x_wconf 80' lang='lat'>5</span> 
     </span>
     <span class='ocr_line' id='line_1_4' title="bbox 170 399 1367 454; baseline -0.003 -11"><span class='ocrx_word' id='word_1_19' title='bbox 170 403 304 454; x_wconf 84' lang='lat' dir='ltr'>Atque</span> <span class='ocrx_word' id='word_1_20' title='bbox 324 413 469 453; x_wconf 89' lang='lat' dir='ltr'>parem</span> <span class='ocrx_word' id='word_1_21' title='bbox 486 412 648 453; x_wconf 86' lang='lat' dir='ltr'>semper</span> <span class='ocrx_word' id='word_1_22' title='bbox 669 399 745 440; x_wconf 89' lang='lat' dir='ltr'>tibi</span> <span class='ocrx_word' id='word_1_23' title='bbox 767 399 981 440; x_wconf 80' lang='lat' dir='ltr'>Christum</span> <span class='ocrx_word' id='word_1_24' title='bbox 1012 399 1179 440; x_wconf 83' lang='lat' dir='ltr'>credere</span> <span class='ocrx_word' id='word_1_25' title='bbox 1208 402 1367 439; x_wconf 87' lang='lat' dir='ltr'>natum.</span> 
     </span>
     <span class='ocr_line' id='line_1_5' title="bbox 165 464 1191 518; baseline -0.005 -9"><span class='ocrx_word' id='word_1_26' title='bbox 165 468 310 509; x_wconf 86' lang='lat' dir='ltr'>Flatus</span> <span class='ocrx_word' id='word_1_27' title='bbox 341 479 489 518; x_wconf 81' lang='lat' dir='ltr'>nempe</span> <span class='ocrx_word' id='word_1_28' title='bbox 519 478 636 507; x_wconf 87' lang='lat' dir='ltr'>sacer</span> <span class='ocrx_word' id='word_1_29' title='bbox 664 466 744 506; x_wconf 85' lang='lat' dir='ltr'>iste</span> <span class='ocrx_word' id='word_1_30' title='bbox 773 465 851 506; x_wconf 89' lang='lat' dir='ltr'>tibi</span> <span class='ocrx_word' id='word_1_31' title='bbox 881 464 1049 505; x_wconf 90' lang='lat' dir='ltr'>numine</span> <span class='ocrx_word' id='word_1_32' title='bbox 1081 465 1191 505; x_wconf 84' lang='lat' dir='ltr'>claro</span> 
     </span>
     <span class='ocr_line' id='line_1_6' title="bbox 166 530 1279 583; baseline -0.004 -9"><span class='ocrx_word' id='word_1_33' title='bbox 166 534 392 575; x_wconf 79' lang='lat' dir='ltr'>Permanet</span> <span class='ocrx_word' id='word_1_34' title='bbox 421 531 608 583; x_wconf 86' lang='lat' dir='ltr'>aequalis</span> <span class='ocrx_word' id='word_1_35' title='bbox 638 534 860 582; x_wconf 76' lang='lat' dir='ltr'>tecumque</span> <span class='ocrx_word' id='word_1_36' title='bbox 890 532 932 571; x_wconf 90' lang='lat' dir='ltr'>in</span> <span class='ocrx_word' id='word_1_37' title='bbox 962 530 1128 572; x_wconf 84' lang='lat' dir='ltr'>saecula</span> <span class='ocrx_word' id='word_1_38' title='bbox 1158 530 1279 570; x_wconf 87' lang='lat' dir='ltr'>uiuit.</span> 
     </span>
    </p>

    <p class='ocr_par' dir='ltr' id='par_1_4' title="bbox 165 595 1423 846">
     <span class='ocr_line' id='line_1_7' title="bbox 167 595 1312 647; baseline -0.004 -7"><span class='ocrx_word' id='word_1_39' title='bbox 167 599 232 639; x_wconf 92' lang='lat' dir='ltr'>Tu</span> <span class='ocrx_word' id='word_1_40' title='bbox 262 599 364 640; x_wconf 90' lang='lat' dir='ltr'>deus</span> <span class='ocrx_word' id='word_1_41' title='bbox 396 610 440 639; x_wconf 92' lang='lat' dir='ltr'>es</span> <span class='ocrx_word' id='word_1_42' title='bbox 470 598 682 638; x_wconf 91' lang='lat' dir='ltr'>hominum</span> <span class='ocrx_word' id='word_1_43' title='bbox 713 600 871 647; x_wconf 76' lang='lat' dir='ltr'>rector,</span> <span class='ocrx_word' id='word_1_44' title='bbox 903 597 1092 637; x_wconf 86' lang='lat' dir='ltr'>saluator</span> <span class='ocrx_word' id='word_1_45' title='bbox 1121 599 1162 637; x_wconf 91' lang='lat' dir='ltr'>et</span> <span class='ocrx_word' id='word_1_46' title='bbox 1191 595 1312 645; x_wconf 82' lang='lat' dir='ltr'>idem,</span> 
     </span>
     <span class='ocr_line' id='line_1_8' title="bbox 166 661 1423 716; baseline -0.001 -11"><span class='ocrx_word' id='word_1_47' title='bbox 166 664 442 716; x_wconf 86' lang='lat' dir='ltr'>Proemiaque</span> <span class='ocrx_word' id='word_1_48' title='bbox 473 663 594 704; x_wconf 89' lang='lat' dir='ltr'>iustis</span> <span class='ocrx_word' id='word_1_49' title='bbox 623 674 881 715; x_wconf 76' lang='lat' dir='ltr'>poenamque</span> <span class='ocrx_word' id='word_1_50' title='bbox 911 661 1166 702; x_wconf 85' lang='lat' dir='ltr'>merentibus</span> <span class='ocrx_word' id='word_1_51' title='bbox 1198 661 1319 711; x_wconf 84' lang='lat' dir='ltr'>indis,</span> <span class='ocrx_word' id='word_1_52' title='bbox 1384 671 1423 704; x_wconf 87' lang='lat'>10</span> 
     </span>
     <span class='ocr_line' id='line_1_9' title="bbox 168 727 1176 781; baseline -0.004 -10"><span class='ocrx_word' id='word_1_53' title='bbox 168 729 319 780; x_wconf 79' lang='lat' dir='ltr'>Sexus,</span> <span class='ocrx_word' id='word_1_54' title='bbox 349 740 566 781; x_wconf 73' lang='lat' dir='ltr'>personas,</span> <span class='ocrx_word' id='word_1_55' title='bbox 598 730 760 769; x_wconf 86' lang='lat' dir='ltr'>aetates</span> <span class='ocrx_word' id='word_1_56' title='bbox 790 727 989 780; x_wconf 86' lang='lat' dir='ltr'>perspicis</span> <span class='ocrx_word' id='word_1_57' title='bbox 1018 731 1176 778; x_wconf 85' lang='lat' dir='ltr'>auctor,</span> 
     </span>
     <span class='ocr_line' id='line_1_10' title="bbox 165 793 1322 846; baseline -0.003 -10"><span class='ocrx_word' id='word_1_58' title='bbox 165 795 406 836; x_wconf 79' lang='lat' dir='ltr'>Mercedem</span> <span class='ocrx_word' id='word_1_59' title='bbox 435 797 477 835; x_wconf 91' lang='lat' dir='ltr'>et</span> <span class='ocrx_word' id='word_1_60' title='bbox 507 794 721 846; x_wconf 83' lang='lat' dir='ltr'>propriam</span> <span class='ocrx_word' id='word_1_61' title='bbox 753 793 882 834; x_wconf 86' lang='lat' dir='ltr'>donas</span> <span class='ocrx_word' id='word_1_62' title='bbox 912 793 1167 834; x_wconf 85' lang='lat' dir='ltr'>iustissimus</span> <span class='ocrx_word' id='word_1_63' title='bbox 1197 793 1322 833; x_wconf 88' lang='lat' dir='ltr'>omui.</span> 
     </span>
    </p>

    <p class='ocr_par' dir='ltr' id='par_1_5' title="bbox 167 855 1355 979">
     <span class='ocr_line' id='line_1_11' title="bbox 167 855 1355 913; baseline -0.003 -11"><span class='ocrx_word' id='word_1_64' title='bbox 167 861 226 902; x_wconf 90' lang='lat' dir='ltr'>Te</span> <span class='ocrx_word' id='word_1_65' title='bbox 248 873 413 913; x_wconf 91' lang='lat' dir='ltr'>quoque</span> <span class='ocrx_word' id='word_1_66' title='bbox 436 860 629 912; x_wconf 88' lang='lat' dir='ltr'>deposco,</span> <span class='ocrx_word' id='word_1_67' title='bbox 661 872 711 900; x_wconf 92' lang='lat' dir='ltr'>ne</span> <span class='ocrx_word' id='word_1_68' title='bbox 732 859 896 911; x_wconf 78' lang='lat' dir='ltr'>linquas</span> <span class='ocrx_word' id='word_1_69' title='bbox 916 859 1082 899; x_wconf 88' lang='lat' dir='ltr'>laedere</span> <span class='ocrx_word' id='word_1_70' title='bbox 1104 855 1355 910; x_wconf 88' lang='lat' dir='ltr'>quemquam</span> 
     </span>
     <span class='ocr_line' id='line_1_12' title="bbox 167 925 1267 979; baseline -0.004 -11"><span class='ocrx_word' id='word_1_71' title='bbox 167 928 372 979; x_wconf 75' lang='lat' dir='ltr'>Reginam</span> <span class='ocrx_word' id='word_1_72' title='bbox 402 925 549 966; x_wconf 86' lang='lat' dir='ltr'>fraude</span> <span class='ocrx_word' id='word_1_73' title='bbox 578 925 806 977; x_wconf 82' lang='lat' dir='ltr'>foueasque</span> <span class='ocrx_word' id='word_1_74' title='bbox 837 925 1042 976; x_wconf 82' lang='lat' dir='ltr'>benignus</span> <span class='ocrx_word' id='word_1_75' title='bbox 1073 928 1267 974; x_wconf 83' lang='lat' dir='ltr'>amatam7</span> 
     </span>
    </p>

    <p class='ocr_par' dir='ltr' id='par_1_6' title="bbox 166 990 1423 1109">
     <span class='ocr_line' id='line_1_13' title="bbox 169 990 1423 1043; baseline -0.002 -10"><span class='ocrx_word' id='word_1_76' title='bbox 169 993 233 1033; x_wconf 85' lang='lat' dir='ltr'>Tu</span> <span class='ocrx_word' id='word_1_77' title='bbox 262 997 308 1033; x_wconf 90' lang='lat' dir='ltr'>ut</span> <span class='ocrx_word' id='word_1_78' title='bbox 338 991 483 1042; x_wconf 86' lang='lat' dir='ltr'>facias,</span> <span class='ocrx_word' id='word_1_79' title='bbox 514 990 633 1032; x_wconf 84' lang='lat' dir='ltr'>fortis</span> <span class='ocrx_word' id='word_1_80' title='bbox 663 991 799 1041; x_wconf 76' lang='lat' dir='ltr'>iudeX,</span> <span class='ocrx_word' id='word_1_81' title='bbox 831 1003 1006 1043; x_wconf 79' lang='lat' dir='ltr'>regnare</span> <span class='ocrx_word' id='word_1_82' title='bbox 1038 990 1224 1042; x_wconf 77' lang='lat' dir='ltr'>quietam</span> <span class='ocrx_word' id='word_1_83' title='bbox 1386 1000 1423 1032; x_wconf 72' lang='lat'>15</span> 
     </span>
     <span class='ocr_line' id='line_1_14' title="bbox 166 1056 1231 1109; baseline -0.004 -9"><span class='ocrx_word' id='word_1_84' title='bbox 166 1058 281 1109; x_wconf 87' lang='lat' dir='ltr'>Istic,</span> <span class='ocrx_word' id='word_1_85' title='bbox 315 1058 454 1109; x_wconf 84' lang='lat' dir='ltr'>sicque</span> <span class='ocrx_word' id='word_1_86' title='bbox 484 1057 578 1109; x_wconf 93' lang='lat' dir='ltr'>polo</span> <span class='ocrx_word' id='word_1_87' title='bbox 608 1056 754 1097; x_wconf 85' lang='lat' dir='ltr'>Iudith</span> <span class='ocrx_word' id='word_1_88' title='bbox 782 1057 873 1109; x_wconf 88' lang='lat' dir='ltr'>ipsa</span> <span class='ocrx_word' id='word_1_89' title='bbox 902 1061 1076 1109; x_wconf 83' lang='lat' dir='ltr'>paretur</span> <span class='ocrx_word' id='word_1_90' title='bbox 1105 1056 1231 1106; x_wconf 75' lang='lat' dir='ltr'>adire,</span> 
     </span>
    </p>

    <p class='ocr_par' dir='ltr' id='par_1_7' title="bbox 168 1121 1369 1308">
     <span class='ocr_line' id='line_1_15' title="bbox 168 1121 1332 1175; baseline -0.003 -10"><span class='ocrx_word' id='word_1_91' title='bbox 168 1124 259 1173; x_wconf 85' lang='lat' dir='ltr'>Quo</span> <span class='ocrx_word' id='word_1_92' title='bbox 289 1123 519 1175; x_wconf 77' lang='lat' dir='ltr'>dignatque</span> <span class='ocrx_word' id='word_1_93' title='bbox 549 1127 718 1173; x_wconf 86' lang='lat' dir='ltr'>uocata,</span> <span class='ocrx_word' id='word_1_94' title='bbox 749 1122 841 1174; x_wconf 80' lang='lat' dir='ltr'>ipsa</span> <span class='ocrx_word' id='word_1_95' title='bbox 872 1122 927 1163; x_wconf 89' lang='lat' dir='ltr'>sit</span> <span class='ocrx_word' id='word_1_96' title='bbox 956 1133 1130 1163; x_wconf 84' lang='lat' dir='ltr'>munere</span> <span class='ocrx_word' id='word_1_97' title='bbox 1161 1121 1332 1171; x_wconf 81' lang='lat' dir='ltr'>Christi,</span> 
     </span>
     <span class='ocr_line' id='line_1_16' title="bbox 169 1187 1369 1240; baseline -0.003 -10"><span class='ocrx_word' id='word_1_98' title='bbox 169 1190 302 1239; x_wconf 79' lang='lat' dir='ltr'>Quam</span> <span class='ocrx_word' id='word_1_99' title='bbox 335 1189 402 1230; x_wconf 88' lang='lat' dir='ltr'>hic</span> <span class='ocrx_word' id='word_1_100' title='bbox 431 1200 634 1229; x_wconf 86' lang='lat' dir='ltr'>memores</span> <span class='ocrx_word' id='word_1_101' title='bbox 664 1188 802 1228; x_wconf 88' lang='lat' dir='ltr'>laetus</span> <span class='ocrx_word' id='word_1_102' title='bbox 831 1188 1021 1240; x_wconf 82' lang='lat' dir='ltr'>placatus</span> <span class='ocrx_word' id='word_1_103' title='bbox 1052 1188 1087 1228; x_wconf 89' lang='lat' dir='ltr'>si</span> <span class='ocrx_word' id='word_1_104' title='bbox 1117 1191 1181 1228; x_wconf 87' lang='lat' dir='ltr'>set</span> <span class='ocrx_word' id='word_1_105' title='bbox 1201 1187 1369 1238; x_wconf 85' lang='lat' dir='ltr'>ubique,</span> 
     </span>
     <span class='ocr_line' id='line_1_17' title="bbox 168 1253 1226 1308; baseline -0.003 -12"><span class='ocrx_word' id='word_1_106' title='bbox 168 1256 254 1306; x_wconf 86' lang='lat' dir='ltr'>Illi,</span> <span class='ocrx_word' id='word_1_107' title='bbox 287 1267 368 1308; x_wconf 95' lang='lat' dir='ltr'>quo</span> <span class='ocrx_word' id='word_1_108' title='bbox 397 1254 539 1296; x_wconf 85' lang='lat' dir='ltr'>ualeat</span> <span class='ocrx_word' id='word_1_109' title='bbox 570 1266 718 1295; x_wconf 88' lang='lat' dir='ltr'>cauere</span> <span class='ocrx_word' id='word_1_110' title='bbox 750 1253 868 1303; x_wconf 87' lang='lat' dir='ltr'>odas,</span> <span class='ocrx_word' id='word_1_111' title='bbox 901 1253 1058 1294; x_wconf 82' lang='lat' dir='ltr'>diceret</span> <span class='ocrx_word' id='word_1_112' title='bbox 1088 1253 1226 1294; x_wconf 86' lang='lat' dir='ltr'>astris.</span> 
     </span>
    </p>

    <p class='ocr_par' dir='ltr' id='par_1_8' title="bbox 168 1318 1425 1571">
     <span class='ocr_line' id='line_1_18' title="bbox 168 1318 1425 1371; baseline -0.005 -10"><span class='ocrx_word' id='word_1_113' title='bbox 168 1320 255 1362; x_wconf 86' lang='lat' dir='ltr'>Nec</span> <span class='ocrx_word' id='word_1_114' title='bbox 283 1321 367 1361; x_wconf 92' lang='lat' dir='ltr'>iam</span> <span class='ocrx_word' id='word_1_115' title='bbox 397 1320 443 1361; x_wconf 86' lang='lat' dir='ltr'>fit</span> <span class='ocrx_word' id='word_1_116' title='bbox 473 1323 570 1361; x_wconf 90' lang='lat' dir='ltr'>uoto</span> <span class='ocrx_word' id='word_1_117' title='bbox 600 1332 715 1369; x_wconf 86' lang='lat' dir='ltr'>reus,</span> <span class='ocrx_word' id='word_1_118' title='bbox 746 1319 879 1359; x_wconf 89' lang='lat' dir='ltr'>altum</span> <span class='ocrx_word' id='word_1_119' title='bbox 909 1319 961 1360; x_wconf 84' lang='lat' dir='ltr'>ad</span> <span class='ocrx_word' id='word_1_120' title='bbox 993 1319 1157 1360; x_wconf 87' lang='lat' dir='ltr'>culmen</span> <span class='ocrx_word' id='word_1_121' title='bbox 1189 1318 1356 1371; x_wconf 71' lang='lat' dir='ltr'>Olympi</span> <span class='ocrx_word' id='word_1_122' title='bbox 1384 1328 1425 1362; x_wconf 72' lang='grc'>20</span> 
     </span>
     <span class='ocr_line' id='line_1_19' title="bbox 169 1385 1263 1437; baseline -0.001 -10"><span class='ocrx_word' id='word_1_123' title='bbox 169 1386 251 1436; x_wconf 84' lang='lat' dir='ltr'>Qui</span> <span class='ocrx_word' id='word_1_124' title='bbox 280 1386 417 1428; x_wconf 88' lang='lat' dir='ltr'>tendit</span> <span class='ocrx_word' id='word_1_125' title='bbox 446 1388 602 1436; x_wconf 78' lang='lat' dir='ltr'>niente,</span> <span class='ocrx_word' id='word_1_126' title='bbox 635 1398 774 1426; x_wconf 87' lang='lat' dir='ltr'>casam</span> <span class='ocrx_word' id='word_1_127' title='bbox 804 1385 939 1426; x_wconf 82' lang='lat' dir='ltr'>ordini</span> <span class='ocrx_word' id='word_1_128' title='bbox 969 1389 1117 1437; x_wconf 87' lang='lat' dir='ltr'>satque</span> <span class='ocrx_word' id='word_1_129' title='bbox 1148 1386 1263 1426; x_wconf 86' lang='lat' dir='ltr'>beati</span> 
     </span>
     <span class='ocr_line' id='line_1_20' title="bbox 169 1451 1284 1505; baseline -0.002 -12"><span class='ocrx_word' id='word_1_130' title='bbox 169 1453 326 1502; x_wconf 73' lang='lat' dir='ltr'>Ambit,</span> <span class='ocrx_word' id='word_1_131' title='bbox 359 1465 482 1505; x_wconf 86' lang='lat' dir='ltr'>quam</span> <span class='ocrx_word' id='word_1_132' title='bbox 513 1452 661 1493; x_wconf 80' lang='lat' dir='ltr'>tribuit</span> <span class='ocrx_word' id='word_1_133' title='bbox 690 1451 753 1492; x_wconf 93' lang='grc'><strong>1111</strong></span> <span class='ocrx_word' id='word_1_134' title='bbox 783 1464 910 1504; x_wconf 87' lang='lat' dir='ltr'>super</span> <span class='ocrx_word' id='word_1_135' title='bbox 939 1451 1113 1493; x_wconf 89' lang='lat' dir='ltr'>aethera</span> <span class='ocrx_word' id='word_1_136' title='bbox 1144 1451 1284 1492; x_wconf 87' lang='lat' dir='ltr'>sedem</span> 
     </span>
     <span class='ocr_line' id='line_1_21' title="bbox 171 1518 1281 1571; baseline -0.002 -12"><span class='ocrx_word' id='word_1_137' title='bbox 171 1519 340 1560; x_wconf 88' lang='lat' dir='ltr'>Arbiter</span> <span class='ocrx_word' id='word_1_138' title='bbox 371 1519 648 1571; x_wconf 87' lang='lat' dir='ltr'>omnipotens,</span> <span class='ocrx_word' id='word_1_139' title='bbox 682 1518 753 1570; x_wconf 90' lang='lat' dir='ltr'>qui</span> <span class='ocrx_word' id='word_1_140' title='bbox 783 1518 896 1559; x_wconf 90' lang='lat' dir='ltr'>solus</span> <span class='ocrx_word' id='word_1_141' title='bbox 926 1521 1073 1569; x_wconf 79' lang='lat' dir='ltr'>regnat</span> <span class='ocrx_word' id='word_1_142' title='bbox 1102 1518 1145 1558; x_wconf 89' lang='lat' dir='ltr'>iu</span> <span class='ocrx_word' id='word_1_143' title='bbox 1176 1529 1281 1558; x_wconf 86' lang='lat' dir='ltr'>arce.</span> 
     </span>
    </p>

    <p class='ocr_par' dir='ltr' id='par_1_9' title="bbox 169 1583 1426 1767">
     <span class='ocr_line' id='line_1_22' title="bbox 169 1583 1370 1636; baseline -0.002 -12"><span class='ocrx_word' id='word_1_144' title='bbox 169 1584 249 1626; x_wconf 88' lang='lat' dir='ltr'>Hic</span> <span class='ocrx_word' id='word_1_145' title='bbox 270 1588 336 1635; x_wconf 84' lang='lat' dir='ltr'>tu,</span> <span class='ocrx_word' id='word_1_146' title='bbox 368 1584 551 1633; x_wconf 87' lang='lat' dir='ltr'>Christe,</span> <span class='ocrx_word' id='word_1_147' title='bbox 574 1584 659 1624; x_wconf 89' lang='lat' dir='ltr'>tuis</span> <span class='ocrx_word' id='word_1_148' title='bbox 681 1596 827 1625; x_wconf 87' lang='lat' dir='ltr'>seruas</span> <span class='ocrx_word' id='word_1_149' title='bbox 848 1596 922 1636; x_wconf 88' lang='lat' dir='ltr'>per</span> <span class='ocrx_word' id='word_1_150' title='bbox 943 1583 1109 1625; x_wconf 82' lang='lat' dir='ltr'>saecula</span> <span class='ocrx_word' id='word_1_151' title='bbox 1131 1595 1307 1635; x_wconf 73' lang='lat' dir='ltr'>reguum</span> <span class='ocrx_word' id='word_1_152' title='bbox 1329 1586 1370 1624; x_wconf 89' lang='lat' dir='ltr'>et</span> 
     </span>
     <span class='ocr_line' id='line_1_23' title="bbox 169 1649 1426 1702; baseline 0.002 -12"><span class='ocrx_word' id='word_1_153' title='bbox 169 1650 282 1699; x_wconf 80' lang='lat' dir='ltr'>Quos</span> <span class='ocrx_word' id='word_1_154' title='bbox 313 1651 453 1691; x_wconf 85' lang='lat' dir='ltr'>saluas</span> <span class='ocrx_word' id='word_1_155' title='bbox 483 1650 586 1700; x_wconf 90' lang='lat' dir='ltr'>illic,</span> <span class='ocrx_word' id='word_1_156' title='bbox 618 1649 685 1690; x_wconf 90' lang='lat' dir='ltr'>hic</span> <span class='ocrx_word' id='word_1_157' title='bbox 715 1650 887 1702; x_wconf 81' lang='lat' dir='ltr'>corripis</span> <span class='ocrx_word' id='word_1_158' title='bbox 918 1653 1015 1690; x_wconf 88' lang='lat' dir='ltr'>aute</span> <span class='ocrx_word' id='word_1_159' title='bbox 1046 1649 1260 1702; x_wconf 77' lang='lat' dir='ltr'>benignus.</span> <span class='ocrx_word' id='word_1_160' title='bbox 1386 1660 1426 1693; x_wconf 72' lang='lat'>25</span> 
     </span>
     <span class='ocr_line' id='line_1_24' title="bbox 170 1715 1306 1767; baseline -0.001 -11"><span class='ocrx_word' id='word_1_161' title='bbox 170 1716 260 1756; x_wconf 80' lang='lat' dir='ltr'>Rex</span> <span class='ocrx_word' id='word_1_162' title='bbox 290 1716 443 1767; x_wconf 86' lang='lat' dir='ltr'>iustus,</span> <span class='ocrx_word' id='word_1_163' title='bbox 476 1719 667 1766; x_wconf 89' lang='lat' dir='ltr'>sanctus,</span> <span class='ocrx_word' id='word_1_164' title='bbox 699 1727 896 1766; x_wconf 88' lang='lat' dir='ltr'>seuerus,</span> <span class='ocrx_word' id='word_1_165' title='bbox 927 1715 1059 1766; x_wconf 87' lang='lat' dir='ltr'>mitis,</span> <span class='ocrx_word' id='word_1_166' title='bbox 1091 1715 1306 1765; x_wconf 88' lang='lat' dir='ltr'>amandus,</span> 
     </span>
    </p>

    <p class='ocr_par' dir='ltr' id='par_1_10' title="bbox 170 1781 1316 1899">
     <span class='ocr_line' id='line_1_25' title="bbox 170 1781 1316 1833; baseline 0 -11"><span class='ocrx_word' id='word_1_167' title='bbox 170 1781 254 1822; x_wconf 87' lang='lat' dir='ltr'>Fac</span> <span class='ocrx_word' id='word_1_168' title='bbox 284 1793 358 1823; x_wconf 87' lang='lat' dir='ltr'>uos</span> <span class='ocrx_word' id='word_1_169' title='bbox 389 1781 513 1832; x_wconf 80' lang='lat' dir='ltr'>uelle,</span> <span class='ocrx_word' id='word_1_170' title='bbox 545 1793 667 1833; x_wconf 67' lang='lat' dir='ltr'>rog-30,</span> <span class='ocrx_word' id='word_1_171' title='bbox 697 1784 771 1822; x_wconf 85' lang='lat' dir='ltr'>tua</span> <span class='ocrx_word' id='word_1_172' title='bbox 801 1782 916 1822; x_wconf 89' lang='lat' dir='ltr'>iussa</span> <span class='ocrx_word' id='word_1_173' title='bbox 946 1781 1205 1833; x_wconf 85' lang='lat' dir='ltr'>implereque</span> <span class='ocrx_word' id='word_1_174' title='bbox 1236 1781 1316 1822; x_wconf 88' lang='lat' dir='ltr'>rite</span> 
     </span>
     <span class='ocr_line' id='line_1_26' title="bbox 171 1846 1153 1899; baseline -0.001 -11"><span class='ocrx_word' id='word_1_175' title='bbox 171 1847 397 1899; x_wconf 79' lang='lat' dir='ltr'>Condignis</span> <span class='ocrx_word' id='word_1_176' title='bbox 425 1847 545 1888; x_wconf 81' lang='lat' dir='ltr'>factis</span> <span class='ocrx_word' id='word_1_177' title='bbox 576 1846 674 1888; x_wconf 91' lang='lat' dir='ltr'>fidei</span> <span class='ocrx_word' id='word_1_178' title='bbox 703 1847 809 1888; x_wconf 90' lang='lat' dir='ltr'>bene</span> <span class='ocrx_word' id='word_1_179' title='bbox 839 1847 932 1888; x_wconf 83' lang='lat' dir='ltr'>iura</span> <span class='ocrx_word' id='word_1_180' title='bbox 961 1847 1153 1897; x_wconf 87' lang='lat' dir='ltr'>tenendo,</span> 
     </span>
    </p>

    <p class='ocr_par' dir='ltr' id='par_1_11' title="bbox 170 1912 1426 2097">
     <span class='ocr_line' id='line_1_27' title="bbox 171 1912 1306 1965; baseline 0.001 -12"><span class='ocrx_word' id='word_1_181' title='bbox 171 1914 260 1962; x_wconf 79' lang='lat' dir='ltr'>Quo</span> <span class='ocrx_word' id='word_1_182' title='bbox 291 1913 430 1954; x_wconf 88' lang='lat' dir='ltr'>sedem</span> <span class='ocrx_word' id='word_1_183' title='bbox 462 1925 653 1965; x_wconf 87' lang='lat' dir='ltr'>superam</span> <span class='ocrx_word' id='word_1_184' title='bbox 684 1925 827 1965; x_wconf 82' lang='lat' dir='ltr'>regem</span> <span class='ocrx_word' id='word_1_185' title='bbox 858 1917 899 1953; x_wconf 92' lang='lat' dir='ltr'>te</span> <span class='ocrx_word' id='word_1_186' title='bbox 931 1912 1053 1953; x_wconf 86' lang='lat' dir='ltr'>ualde</span> <span class='ocrx_word' id='word_1_187' title='bbox 1084 1915 1306 1964; x_wconf 80' lang='lat' dir='ltr'>sequentes</span> 
     </span>
     <span class='ocr_line' id='line_1_28' title="bbox 172 1978 1426 2032; baseline 0.002 -13"><span class='ocrx_word' id='word_1_188' title='bbox 172 1978 427 2020; x_wconf 83' lang='lat' dir='ltr'>Scandamus</span> <span class='ocrx_word' id='word_1_189' title='bbox 457 1978 561 2020; x_wconf 90' lang='lat' dir='ltr'>laeti</span> <span class='ocrx_word' id='word_1_190' title='bbox 591 1982 633 2019; x_wconf 92' lang='lat' dir='ltr'>et</span> <span class='ocrx_word' id='word_1_191' title='bbox 662 1979 874 2032; x_wconf 86' lang='lat' dir='ltr'>capiamus</span> <span class='ocrx_word' id='word_1_192' title='bbox 904 1990 1035 2030; x_wconf 81' lang='lat' dir='ltr'>regna</span> <span class='ocrx_word' id='word_1_193' title='bbox 1065 1990 1224 2028; x_wconf 87' lang='lat' dir='ltr'>serena,</span> <span class='ocrx_word' id='word_1_194' title='bbox 1384 1989 1426 2021; x_wconf 74' lang='lat' dir='ltr'>so</span> 
     </span>
     <span class='ocr_line' id='line_1_29' title="bbox 170 2043 1295 2097; baseline 0.001 -13"><span class='ocrx_word' id='word_1_195' title='bbox 170 2044 262 2084; x_wconf 78' lang='lat' dir='ltr'>Lux</span> <span class='ocrx_word' id='word_1_196' title='bbox 291 2044 362 2085; x_wconf 91' lang='lat' dir='ltr'>ubi</span> <span class='ocrx_word' id='word_1_197' title='bbox 391 2047 595 2097; x_wconf 86' lang='lat' dir='ltr'>perpetua</span> <span class='ocrx_word' id='word_1_198' title='bbox 625 2047 705 2095; x_wconf 86' lang='lat' dir='ltr'>est,</span> <span class='ocrx_word' id='word_1_199' title='bbox 736 2044 845 2095; x_wconf 88' lang='lat' dir='ltr'>uita,</span> <span class='ocrx_word' id='word_1_200' title='bbox 876 2043 985 2094; x_wconf 82' lang='lat' dir='ltr'>laus,</span> <span class='ocrx_word' id='word_1_201' title='bbox 1017 2043 1150 2097; x_wconf 82' lang='lat' dir='ltr'>gloria</span> <span class='ocrx_word' id='word_1_202' title='bbox 1180 2055 1295 2094; x_wconf 86' lang='lat' dir='ltr'>uera,</span> 
     </span>
    </p>
   </div>
   <div class='ocr_carea' id='block_1_3' title="bbox 118 2133 376 2137">
    <p class='ocr_par' dir='ltr' id='par_1_12' title="bbox 118 2133 376 2137">
     <span class='ocr_line' id='line_1_30' title="bbox 118 2133 376 2137; baseline 0 0"><span class='ocrx_word' id='word_1_203' title='bbox 118 2133 376 2137; x_wconf 95' lang='lat' dir='ltr'> </span> 
     </span>
    </p>
   </div>
   <div class='ocr_carea' id='block_1_4' title="bbox 116 2174 1426 2330">
    <p class='ocr_par' dir='ltr' id='par_1_13' title="bbox 116 2174 1426 2330">
     <span class='ocr_line' id='line_1_31' title="bbox 204 2174 1426 2221; baseline 0.002 -13"><span class='ocrx_word' id='word_1_204' title='bbox 204 2174 246 2210; x_wconf 89' lang='lat' dir='ltr'>V.</span> <span class='ocrx_word' id='word_1_205' title='bbox 272 2176 291 2209; x_wconf 88' lang='grc'>6</span> <span class='ocrx_word' id='word_1_206' title='bbox 316 2175 475 2209; x_wconf 83' lang='lat' dir='ltr'>eristum.</span> <span class='ocrx_word' id='word_1_207' title='bbox 523 2177 542 2209; x_wconf 86' lang='lat'><strong>7</strong></span> <span class='ocrx_word' id='word_1_208' title='bbox 566 2176 634 2210; x_wconf 86' lang='lat' dir='ltr'>iste</span> <span class='ocrx_word' id='word_1_209' title='bbox 657 2176 692 2209; x_wconf 85' lang='lat' dir='ltr'>te</span> <span class='ocrx_word' id='word_1_210' title='bbox 710 2176 789 2210; x_wconf 84' lang='lat' dir='ltr'>tibi.</span> <span class='ocrx_word' id='word_1_211' title='bbox 837 2176 877 2210; x_wconf 84' lang='lat' dir='ltr'>lo</span> <span class='ocrx_word' id='word_1_212' title='bbox 907 2186 1103 2220; x_wconf 73' lang='lat' dir='ltr'>poenamq:</span> <span class='ocrx_word' id='word_1_213' title='bbox 1131 2186 1203 2220; x_wconf 69' lang='lat' dir='ltr'>pro</span> <span class='ocrx_word' id='word_1_214' title='bbox 1228 2187 1426 2221; x_wconf 81' lang='lat' dir='ltr'>poenamqe</span> 
     </span>
     <span class='ocr_line' id='line_1_32' title="bbox 116 2230 1425 2275; baseline -0.002 -9"><span class='ocrx_word' id='word_1_215' title='bbox 116 2231 176 2273; x_wconf 79' lang='lat' dir='ltr'>(cf.</span> <span class='ocrx_word' id='word_1_216' title='bbox 200 2231 433 2274; x_wconf 68' lang='lat' dir='ltr'>appewdzsscem</span> <span class='ocrx_word' id='word_1_217' title='bbox 456 2242 512 2264; x_wconf 65' lang='lat' dir='ltr'>ur.</span> <span class='ocrx_word' id='word_1_218' title='bbox 545 2230 671 2272; x_wconf 87' lang='lat' dir='ltr'><em>VIII.)</em></span> <span class='ocrx_word' id='word_1_219' title='bbox 711 2232 750 2265; x_wconf 81' lang='lat'>13</span> <span class='ocrx_word' id='word_1_220' title='bbox 776 2241 894 2274; x_wconf 84' lang='lat' dir='ltr'>quoqe</span> <span class='ocrx_word' id='word_1_221' title='bbox 934 2230 1054 2274; x_wconf 83' lang='lat' dir='ltr'>linqas</span> <span class='ocrx_word' id='word_1_222' title='bbox 1078 2231 1197 2265; x_wconf 87' lang='lat' dir='ltr'>ledere</span> <span class='ocrx_word' id='word_1_223' title='bbox 1221 2242 1425 2275; x_wconf 85' lang='lat' dir='ltr'>quemqam.</span> 
     </span>
     <span class='ocr_line' id='line_1_33' title="bbox 119 2285 1426 2330; baseline 0.001 -12"><span class='ocrx_word' id='word_1_224' title='bbox 119 2285 158 2318; x_wconf 80' lang='lat'>17</span> <span class='ocrx_word' id='word_1_225' title='bbox 183 2285 291 2319; x_wconf 85' lang='lat' dir='ltr'>cristi.</span> <span class='ocrx_word' id='word_1_226' title='bbox 340 2286 379 2319; x_wconf 76' lang='lat'>19</span> <span class='ocrx_word' id='word_1_227' title='bbox 405 2297 460 2330; x_wconf 90' lang='lat' dir='ltr'>qo.</span> <span class='ocrx_word' id='word_1_228' title='bbox 507 2286 548 2319; x_wconf 86' lang='grc'>20</span> <span class='ocrx_word' id='word_1_229' title='bbox 573 2285 711 2329; x_wconf 83' lang='lat' dir='ltr'>olimpi.</span> <span class='ocrx_word' id='word_1_230' title='bbox 753 2286 793 2319; x_wconf 91' lang='grc'>21</span> <span class='ocrx_word' id='word_1_231' title='bbox 820 2285 867 2328; x_wconf 85' lang='lat' dir='ltr'>qi.</span> <span class='ocrx_word' id='word_1_232' title='bbox 907 2285 950 2318; x_wconf 92' lang='grc'>22</span> <span class='ocrx_word' id='word_1_233' title='bbox 973 2297 1067 2329; x_wconf 81' lang='lat' dir='ltr'>qam.</span> <span class='ocrx_word' id='word_1_234' title='bbox 1107 2286 1148 2320; x_wconf 85' lang='grc'>25</span> <span class='ocrx_word' id='word_1_235' title='bbox 1173 2297 1237 2329; x_wconf 84' lang='lat' dir='ltr'>qos</span> <span class='ocrx_word' id='word_1_236' title='bbox 1276 2286 1426 2330; x_wconf 82' lang='lat' dir='ltr'>benigni</span> 
     </span>
    </p>
   </div>
   <div class='ocr_carea' id='block_1_5' title="bbox 46 2340 1229 2384">
    <p class='ocr_par' dir='ltr' id='par_1_14' title="bbox 46 2340 1229 2384">
     <span class='ocr_line' id='line_1_34' title="bbox 46 2340 1229 2384; baseline 0.001 -11"><span class='ocrx_word' id='word_1_237' title='bbox 46 2370 47 2373; x_wconf 74' lang='grc'>,</span> <span class='ocrx_word' id='word_1_238' title='bbox 112 2349 184 2382; x_wconf 74' lang='lat' dir='ltr'>pro</span> <span class='ocrx_word' id='word_1_239' title='bbox 209 2340 359 2384; x_wconf 84' lang='lat' dir='ltr'>benign;</span> <span class='ocrx_word' id='word_1_240' title='bbox 406 2341 448 2374; x_wconf 82' lang='lat'>29</span> <span class='ocrx_word' id='word_1_241' title='bbox 472 2343 536 2374; x_wconf 73' lang='lat' dir='ltr'>aut</span> <span class='ocrx_word' id='word_1_242' title='bbox 567 2351 614 2384; x_wconf 79' lang='lat' dir='ltr'>qo</span> <span class='ocrx_word' id='word_1_243' title='bbox 647 2343 711 2373; x_wconf 77' lang='lat' dir='ltr'>aut</span> <span class='ocrx_word' id='word_1_244' title='bbox 740 2341 904 2383; x_wconf 82' lang='lat' dir='ltr'>seqentes</span> <span class='ocrx_word' id='word_1_245' title='bbox 928 2340 1037 2374; x_wconf 68' lang='lat' dir='ltr'>scribi</span> <span class='ocrx_word' id='word_1_246' title='bbox 1059 2341 1229 2384; x_wconf 71' lang='lat' dir='ltr'>oportuit.</span> 
     </span>
    </p>
   </div>
  </div>
 </body>
</html>
