1643 2574
630 180 908 214 PRAEFATIO.
1356 177 1421 208 XV

116 296 287 347 insuper
316 293 358 333 in
388 292 475 334 cod.
506 291 629 333 Bern.
660 294 738 331 455
768 291 984 342 leguntur,
1026 293 1121 342 pete
1157 300 1207 330 ex
1237 288 1422 330 codicum

115 360 388 403 Bernensium
419 357 609 409 catalogo
637 356 817 409 (Bernae
848 353 1222 408 MDCCCLXXV).

198 425 337 467 LXVI
382 424 513 466 edidit
556 423 755 465 Senebier
797 422 839 463 in
884 421 1072 463 codicum
1117 420 1423 462 Genevensium

117 492 311 544 catalogo
351 504 386 531 a.
422 493 523 532 1779
563 489 666 531 satis
707 488 921 541 eleganter
957 487 1111 540 scripto
1149 500 1188 539 p.
1223 489 1319 536 130,
1351 486 1424 527 sed

117 559 252 599 minus
281 557 351 598 ille
380 559 594 607 accurate,
625 566 749 607 quain
778 554 830 595 ob
860 566 949 595 rem
978 553 1167 606 repetivi,

200 622 391 664 LXXVI.
420 621 509 664 Hoc
545 633 711 663 carmen
741 620 1013 661 acrostichice
1044 620 1314 670 compositum
1344 619 1423 660 Ra-

116 690 213 732 bani
244 688 382 731 Mauri
412 688 573 730 nomine
604 687 823 739 insignivi,
854 689 895 727 et
924 686 1021 738 quia
1050 686 1092 727 in
1123 698 1169 727 eo
1199 686 1336 728 codice
1367 684 1425 726 nil

117 757 196 798 nisi
224 754 387 797 Rabani
416 754 552 795 Mauri
573 753 730 807 scripta
747 755 993 805 (commenta
1023 752 1064 792 in
1081 751 1237 802 Iudith,
1259 750 1424 801 Esther,

118 821 406 874 Maccabaeos)
437 822 705 862 continentur
734 822 776 860 et
807 819 915 871 quod
947 830 1092 859 revera
1114 818 1334 859 Rabanum
1362 821 1425 859 ta-

47 907 52 910 ·
116 889 224 931 libus
252 888 412 929 lusibus
442 886 664 928 indulsisse
694 890 871 927 constat.
903 884 1166 937 Quamquam
1186 884 1353 925 Alcuini
1383 888 1425 925 et

118 955 374 1007 reliquorum
412 952 644 994 acrosticha
683 951 814 993 multo
858 951 1050 993 subtilius
1095 962 1186 993 esse
1231 951 1425 992 instituta

117 1033 238 1063 nemo
269 1020 494 1072 negaverit.

201 1085 409 1127 LXXVII.
443 1084 605 1126 Codicis
640 1083 934 1136 Lugdunensis
962 1083 1085 1124 Voss.
1108 1086 1159 1124 7O
1189 1094 1219 1124 s.
1251 1082 1289 1123 X
1320 1083 1425 1123 noti-

120 1155 222 1195 tiam
243 1151 343 1193 mihi
364 1151 599 1193 comissiine
620 1150 895 1191 commodavit
915 1149 1120 1191 Ernestus
1136 1148 1425 1190 Duemmlerus

119 1219 327 1269 Halensis,
359 1217 528 1259 edendis
548 1216 637 1258 aevi
666 1216 791 1257 medii
813 1215 1065 1257 carminibus
1095 1218 1219 1256 antea
1248 1213 1335 1256 fere
1366 1214 1426 1255 in-

121 1285 297 1337 cognitis
337 1285 490 1336 optime
527 1283 577 1324 de
616 1283 768 1324 nostris
809 1281 958 1323 studiis
997 1281 1192 1331 meritus,
1224 1281 1296 1332 qui
1335 1292 1427 1321 011111

121 1351 173 1392 ad
203 1350 362 1392 edenda
400 1349 553 1390 codicis
582 1348 808 1389 Bernensis
841 1350 917 1388 363
956 1347 1139 1387 0311111113
1174 1346 1217 1387 111
1247 1345 1428 1387 Tadonis

123 1418 320 1459 honorem
363 1417 520 1468 scripta
562 1427 627 1456 me
666 1426 798 1466 nuper
838 1413 1084 1454 adhortatus
1129 1415 1261 1461 esset,
1306 1411 1428 1453 huius

122 1482 308 1536 opusculi
336 1481 536 1534 impulsor
564 1481 670 1522 alter
699 1480 855 1530 extitit,
893 1479 1111 1531 eidemque
1139 1490 1198 1529 ea,
1231 1489 1337 1529 quae
1366 1488 1428 1517 se-

121 1550 282 1601 quitur,
320 1547 507 1589 doctrina
545 1546 732 1587 debetur.
791 1545 898 1586 Nam
935 1545 1045 1586 idem
1085 1556 1250 1586 carmen
1290 1544 1332 1584 in
1363 1554 1429 1584 co-

123 1615 211 1655 dice
241 1614 429 1655 Parisino
459 1625 623 1666 quoque
655 1613 748 1653 Lat.
782 1615 888 1653 3674
917 1610 943 1651 f.
971 1610 1075 1651 110¹>
1106 1609 1430 1662 (praescriptum

125 1685 203 1722 est:
245 1680 397 1721 Versus·
426 1680 600 1720 Alcuini
629 1678 685 1719 ad
713 1677 972 1720 Samuhelem
994 1676 1220 1717 Semzensis
1249 1675 1430 1716 civitatis

123 1747 373 1798 episcopum)
396 1746 561 1797 legitur,
590 1745 699 1786 unde
720 1743 967 1786 Leboeufius
987 1744 1029 1783 in
1050 1743 1169 1792 libro,
1199 1742 1263 1783 cui
1283 1741 1431 1782 titulus

130 1817 210 1854 est:
241 1813 523 1854 Dissertcitiou
560 1825 634 1852 sur
670 1811 781 1852 Z'eftat
817 1811 887 1851 des
924 1810 1102 1851 scievces
1133 1822 1189 1849 au
1224 1812 1353 1859 tewws
1383 1807 1432 1848 de

129 1879 445 1931 Charlemayne,
477 1878 650 1919 Parisiis
684 1880 784 1918 1737
816 1876 927 1930 (cum
956 1875 1244 1928 supplemento
1280 1874 1432 1915 ibidem

125 1945 283 1986 duobus
319 1944 440 1985 annis
476 1947 571 1996 post
602 1943 732 1993 edito)
761 1941 915 1995 publici
943 1942 1046 1983 iuris
1083 1940 1202 1991 fecit,
1233 1952 1356 1993 quem
1385 1940 1431 1980 li-

125 2010 247 2051 brum
269 2009 370 2051 satis
390 2021 531 2049 rarum
552 2020 686 2060 neque
698 2008 990 2049 Duemmlerus
1003 2018 1138 2058 neque
1151 2017 1228 2059 ego
1240 2005 1430 2046 vidimus.

126 2076 188 2116 De
220 2075 413 2117 Samuele
449 2075 640 2127 episcopo
678 2073 727 2115 cf.
760 2073 934 2115 Iaffeum
968 2073 1011 2113 in
1042 2073 1148 2114 Bibl.
1180 2084 1261 2113 rer.
1293 2071 1431 2112 Germ.

126 2141 197 2192 VI,
228 2144 290 2183 35.
323 2144 423 2193 9023
454 2140 565 2181 Mon.
599 2139 737 2181 Germ.
770 2140 841 2182 SS.
872 2139 1030 2190 XXIII,
1062 2142 1124 2180 31.

206 2206 435 2247 LXXVIII.
466 2205 607 2247 Habet
626 2205 918 2258 Lugdunensis
948 2216 1112 2257 quoque
1142 2203 1279 2254 codex,
1312 2214 1433 2255 quem

133 2273 252 2314 modo
288 2273 389 2321 dixi,
424 2285 530 2325 pone
561 2271 724 2313 Alcuini
760 2271 959 2323 epistulas
996 2270 1142 2312 eadem
1178 2281 1209 2311 s.
1240 2269 1279 2309 X
1308 2280 1435 2308 manu

127 2339 327 2391 scriptum
366 2338 598 2391 praemisso
636 2336 782 2378 titulo:
822 2337 1040 2389 Incipiunt
1079 2348 1222 2377 versus
1253 2333 1434 2375 eiusdem
