1643 2574
224 184 274 223 10
616 186 835 222 ΟΑΒΜΙΝΑ
858 184 993 219 MEDII
1018 183 1142 217 AEVI.

820 358 936 400 VIII.

663 458 730 511 DE
766 455 1087 511 molimini).

278 571 452 614 Cuhnen
481 569 668 619 honoris,
700 580 797 617 aue,
828 577 979 618 niagno
1010 564 1060 605 de
1090 564 1247 604 semine
1277 574 1493 615 inagnum,

333 637 466 688 Carpe
496 636 589 677 nias
620 635 749 684 uitae,
781 633 944 674 culinen
975 630 1162 680 honoris,
1194 640 1284 670 ane.

278 703 337 745 Te
368 704 485 744 decet
515 712 635 742 omne
665 700 810 749 decus,
841 698 1007 739 bonitas
1037 696 1225 737 bonitate
1255 694 1477 744 Tonantis,

333 770 427 810 Dux
457 766 679 808 Leodfride
710 768 874 817 potens,
905 767 948 804 te
980 763 1098 803 decet
1125 773 1246 802 omne
1276 760 1414 801 decus.

246 835 449 887 5Percipe
478 837 580 875 uota
610 832 759 873 uidens
790 830 980 883 princeps
1011 828 1087 869 suh
1117 827 1301 880 principe
1331 825 1517 876 Christo,

333 900 525 941 Versifiei
556 899 665 939 uatis
696 897 865 950 percipe
895 898 996 935 uota
1026 893 1187 935 uidens.

276 968 364 1009 Pax
394 966 471 1007 tibi
503 966 640 1017 sitque
671 963 784 1005 salus
813 961 927 1014 pedi,
959 973 1032 1012 pei·
1061 970 1269 1000 marmora
1299 957 1428 1008 salsa,

333 1033 413 1073 Per
442 1044 556 1073 mare
586 1034 705 1072 tutus
736 1040 824 1077 033,
855 1039 935 1080 pax
965 1026 1043 1067 tibi
1073 1025 1210 1077 sitque
1242 1023 1368 1065 salus.

278 1099 451 1141 Saecula
483 1097 604 1149 plena
633 1095 751 1136 bonis
781 1096 876 1146 post
905 1092 1017 1133 uitae
1048 1090 1186 1132 saecla
1216 1089 1388 1139 uirtutis,

226 1179 264 1210 io
332 1165 490 1217 Perpes
520 1162 736 1215 possideas
765 1159 932 1201 saecula
962 1159 1087 1210 plena
1117 1156 1254 1206 bonis,

276 1230 412 1272 Pollet
440 1230 511 1270 ubi
542 1227 720 1281 populns
751 1225 919 1267 caelesti
951 1223 1109 1264 lumine
1140 1221 1346 1275 gaudens,

332 1296 396 1338 Sis
426 1296 529 1336 caeli
561 1294 682 1343 ciuis,
713 1292 842 1345 pollet
873 1291 942 1332 ubi
974 1289 1164 1342 populus.

277 1362 458 1405 Siderei<
488 1360 636 1412 opibus
668 1359 723 1399 sis
754 1357 868 1399 sidus
900 1357 940 1397 in
972 1356 1073 1397 urbe
1104 1353 1323 1404 Tonantis,

333 1428 378 1468 In
409 1428 549 1479 patria
579 1426 684 1466 lueis
716 1424 887 1465 sidereis
918 1422 1077 1475 opibus.

224 1505 263 1538 15
278 1493 472 1537 Sidereae
502 1492 683 1533 Soliinae
716 1490 863 1530 Petrus
896 1488 1109 1540 portarius
1140 1487 1262 1527 aulae

333 1559 395 1601 Sit
424 1558 502 1599 tibi
532 1570 624 1598 euni
657 1556 763 1597 elaui
795 1555 981 1596 sidereae
1013 1553 1206 1594 Soliniae.

279 1625 458 1666 Sanetus
488 1627 530 1664 et
560 1623 803 1663 Ambrosius
832 1626 873 1662 te
902 1620 1028 1661 dueat
1059 1619 1110 1659 ad
1142 1618 1286 1659 limina
1316 1616 1435 1666 Sion,

332 1689 557 1742 Angelieus
587 1688 755 1737 chorus,
788 1689 957 1727 sanetus
987 1689 1031 1725 et
1062 1684 1321 1725 Ambrosius.

281 1756 436 1797 Dextra
467 1766 646 1807 superna
675 1753 741 1794 dei
772 1757 813 1794 te
843 1755 1059 1805 protegat,
1090 1751 1279 1800 obseer0‚
1311 1747 1489 1798 Christi,

222 1832 264 1866 *20
333 1821 391 1862 Te
422 1832 681 1873 quocumque
712 1819 822 1859 ferat
853 1819 999 1858 dextra
1029 1827 1207 1867 superna
1237 1814 1316 1856 dei.

280 1886 445 1939 Optime
475 1886 643 1936 ductor,
675 1897 772 1925 ane:
804 1884 916 1925 dieat
946 1883 1066 1934 polus
1097 1881 1290 1932 undaque
1319 1879 1466 1929 tellus,

335 1952 495 1993 Cuncta
525 1952 731 1992 elementa
762 1954 929 1991 sonent:
962 1949 1117 2000 optime
1148 1947 1311 1997 ductor,
1344 1945 1443 1986 aue!

311 2082 408 2115 VIII.
437 2082 520 2116 Cocl.
544 2081 653 2115 Boi-n.
680 2084 747 2113 30:3¹
771 2092 796 2113 s.
829 2079 929 2112 VIII
953 2080 977 2121 f.
1005 2078 1101 2110 1:271‘⁸

312 2138 354 2170 V.
382 2138 397 2170 1
423 2148 598 2180 magnum
625 2135 681 2169 uel
715 2135 861 2169 celsum.
897 2134 916 2167 :3
941 2132 1134 2175 Tonantis]
1159 2140 1338 2173 suprascr.
1362 2128 1538 2173 parentis.

225 2193 263 2227 11
291 2192 443 2234 lumine]
468 2202 650 2234 suprascr.
676 2190 734 2223 nel
758 2199 916 2223 munere.
944 2189 983 2221 123
1009 2187 1120 2229 sidus]
1145 2195 1324 2228 suprascr.
1342 2184 1398 2218 ue]
1425 2183 1537 2217 diues.

227 2247 266 2280 17
292 2246 429 2280 ad....
447 2245 519 2279 ina.
558 2246 596 2278 18
626 2244 827 2288 angelicus]
856 2253 1036 2286 suprascr.
1067 2241 1125 2275 uel
1158 2241 1375 2273 sanctorum.
1414 2239 1453 2272 19
1482 2250 1537 2271 su-

226 2300 362 2345 perna]
395 2293 497 2334 srna.
523 2298 619 2342 quod
644 2302 673 2331 et
700 2309 823 2331 serena
850 2297 1053 2341 sz'ym'sicare
1072 2299 1201 2340 potest.
1227 2296 1266 2328 21
1295 2295 1429 2339 optime
1453 2294 1537 2327 due-

225 2355 300 2399 tor]
327 2355 371 2389 ef.
395 2354 481 2394 Vll,
506 2356 559 2387 4:7³..
590 2354 641 2387 44.
1342 2358 1345 2360 ·
