1643 2574
399 129 577 188 vERsVs
601 150 663 184 DE
688 145 1070 191 QVADRAGESIMA.
1338 133 1391 173 49

410 263 573 314 Detque
602 260 722 301 nobis
752 257 953 300 auxilium

355 330 436 371 Per
466 327 637 379 angelos
667 323 890 375 mirabiles,

357 396 439 445 Qui
469 405 633 446 semper
661 403 738 432 nos
767 389 1006 432 custodiant

358 461 407 502 In
439 459 550 502 omni
578 458 669 499 uita
700 455 870 498 saeculi.

415 568 610 611 Perfecto
638 567 750 609 trino
779 575 953 606 numero
1359 570 1401 604 25

364 636 511 678 Ternis
540 634 738 675 horarum
767 630 958 673 terminis

363 701 531 743 Laudes
562 701 759 741 canentes
790 695 954 738 debitas

364 768 525 810 Nonam
556 766 740 807 dicentes
769 762 1003 815 psallimus.

421 876 594 918 Sacrum
624 873 691 915 dei
721 871 967 925 mysterium

367 944 477 985 Puro
507 944 701 983 tenentes
732 942 899 992 pectore
1366 942 1407 975 30

368 1010 484 1051 Petri
513 1006 703 1060 magistri
733 1004 919 1057 regulam

370 1076 496 1127 Signo
527 1072 678 1115 salutis
709 1070 933 1124 proditam.

425 1184 482 1226 Et
511 1195 587 1225 nos
617 1182 876 1235 psalmamus
906 1178 1101 1231 spiritum

372 1251 659 1292 Adhaerentes
689 1245 881 1298 apostoli,

373 1316 454 1367 Qui
482 1316 650 1368 plantas
680 1313 838 1353 habent
863 1310 1028 1360 debiles,
1373 1315 1414 1348 35

376 1382 534 1424 Christi
563 1381 765 1422 uirtutem
796 1377 987 1430 diligant.

430 1491 576 1533 Gloria
604 1490 693 1541 tibi,
723 1488 905 1537 trinitas,

376 1558 575 1611 Aequalis
604 1568 688 1597 una
719 1555 855 1596 deitas

377 1625 434 1666 Et
463 1626 561 1665 ante
591 1621 729 1663 omnia
760 1619 925 1661 saecula

378 1690 434 1732 Et
461 1701 569 1731 nunc
598 1691 640 1729 et
668 1688 711 1728 in
740 1688 1002 1738 perpetuum.
1376 1689 1419 1721 40

436 1800 504 1843 sic
533 1803 598 1840 ter
628 1796 844 1850 quaternis
875 1793 1060 1835 trahitur

379 1867 507 1908 Horis
536 1865 625 1906 dies
655 1864 709 1905 ad
738 1872 961 1913 uesperum

384 1932 588 1974 Oeeasum
619 1929 680 1970 sol
710 1926 989 1981 pronuntians

383 1998 531 2039 Noctis
560 1996 695 2037 redire
726 1998 926 2046 tempora.

200 2167 243 2200 V.
267 2166 308 2199 25
334 2162 513 2205 Perfecto]
538 2161 577 2193 iu
601 2169 716 2202 τηαν-9.
739 2158 785 2191 ad
810 2166 955 2190 nonam.
991 2155 1033 2187 28
1057 2152 1258 2197 salplimus.
1296 2151 1339 2184 29
1363 2150 1429 2182 mi—

115 2222 273 2256 sterium.
319 2221 360 2254 33
385 2218 593 2262 salplamus.
636 2214 677 2247 34
703 2212 931 2247 adherentes.
978 2209 1021 2243 38
1045 2207 1196 2252 equalis.
1238 2208 1280 2240 40
1305 2216 1429 2250 perpe-

115 2276 233 2320 tuum]
277 2274 442 2309 additum
481 2282 598 2306 amen.
644 2270 683 2303 41
724 2268 781 2302 Sic
816 2266 886 2309 ter]
924 2265 964 2298 in
1001 2274 1110 2307 mary.
1157 2263 1213 2297 Ad
1252 2271 1429 2304 uesperas.

117 2334 158 2367 42
184 2332 267 2366 oris.

250 2403 359 2431 HAGEN
385 2408 521 2430 (tamum
548 2406 629 2427 immi
656 2404 738 2425 mavi.
1280 2383 1299 2414 4
