1643 2574
193 188 217 225 4
580 193 798 229 CARMINA
822 193 961 228 MEDII
984 194 1114 229 AEVI.

214 304 353 354 5Nam
384 317 485 357 quos
516 303 708 345 Christus
740 307 872 355 amat,
905 305 1087 356 castigat
1117 316 1256 346 amore
1286 309 1478 358 paterno,

354 370 518 422 Largus
548 373 590 410 et
619 373 814 411 aeternas
844 374 971 422 auget
999 374 1160 412 amator
1190 382 1301 423 opes.

246 436 348 478 Post
378 435 475 477 solis
506 435 642 487 cyclos
673 435 826 476 solaria
856 435 1042 477 scandito
1074 439 1228 487 castra,

302 501 416 543 Ciuis
448 501 650 553 stelligeri
679 501 735 542 sis
765 505 808 541 et
837 501 879 541 in
909 501 1011 542 urbe
1040 501 1140 553 poli,

246 568 383 609 Pollet
412 567 483 607 ubi
513 578 686 618 regnum
715 569 955 607 sanctorum
981 567 1168 619 principe
1199 566 1365 608 Christo

192 645 231 678 lo
289 632 504 685 Perpetuis
534 632 680 684 opibus
711 633 1011 685 perpetuisque
1040 632 1173 674 bonis.

246 699 355 740 Nam
384 698 493 750 quod
522 698 699 739 mundus
730 698 871 749 habet⁷
903 699 1046 739 mundi
1067 699 1177 750 quod
1201 698 1382 740 circulus
1413 711 1498 740 am-

304 763 513 805 Deficiunt
544 764 692 805 saeclis
725 764 892 815 singula
923 776 1113 816 quaeque
1144 764 1241 806 suis.
1408 763 1499 818 [bit‚

247 830 447 871 Caelestis
477 831 637 882 patriae
668 829 865 871 caelestia
894 830 1079 882 praemia
1108 830 1226 871 uobis

303 896 508 948 Prospera
537 897 802 948 contingant,
834 896 943 937 adsit
973 899 1014 936 et
1045 907 1164 937 omne
1194 896 1360 937 bonum.

810 1126 882 1168 IV.

562 1214 858 1268 utorium!
898 1214 1122 1269 VERSUS.

244 1324 329 1365 Rex
360 1325 516 1376 pietate
548 1325 668 1378 uigil,
700 1330 866 1365 nostros
896 1325 1093 1366 miserate
1124 1323 1304 1371 laboreS,

297 1390 514 1431 Permotus
546 1390 673 1441 elegis
704 1390 922 1442 questibus
951 1390 1052 1431 affer
1084 1402 1216 1442 opem.

242 1456 289 1496 In
320 1460 360 1497 te
390 1460 527 1497 mater
556 1456 666 1497 enim
697 1468 822 1507 penes
854 1456 1051 1497 inclinata
1082 1455 1286 1497 recumbit

296 1522 351 1562 Et
381 1522 451 1573 pia
481 1522 695 1563 distribuit
725 1522 818 1562 iura
849 1521 1003 1574 Sophia
1034 1521 1124 1562 tibi.

208 1588 284 1630 511]
316 1592 357 1628 te
389 1587 560 1628 diffusos
590 1588 758 1638 statuit,
791 1599 861 1628 rex
893 1588 1067 1639 optime,
1098 1598 1261 1637 sensus,

294 1653 341 1693 In
371 1653 546 1694 thalami
579 1665 720 1694 secum
750 1653 916 1694 arcibus
947 1664 1040 1693 arce
1070 1653 1222 1693 locans.

240 1718 347 1760 Hinc
376 1731 530 1759 arcana
561 1719 636 1759 tibi
666 1719 772 1770 legis
802 1719 1004 1771 mysteria
1034 1719 1257 1771 prompsit,

295 1784 487 1836 Quidque
517 1785 635 1836 sequi
666 1785 789 1826 debet
819 1784 992 1825 clericus
1024 1784 1142 1834 ordo,
1173 1783 1304 1833 dedit,

239 1849 295 1891 Et
326 1862 611 1902 quaecumque
641 1850 830 1891 homines
866 1850 1113 1902 perquirunt.
1144 1853 1235 1890 arte
1272 1850 1491 1900 magistra,

186 1927 224 1959 lo
294 1915 546 1967 Constituit,
579 1917 752 1966 Caesar,
786 1917 876 1957 iure
906 1915 1085 1956 tenenda
1116 1915 1210 1964 tibi,

240 1982 459 2022 Astrorum
491 1981 676 2022 retinens
706 1985 887 2033 augusto
919 1981 959 2021 in
989 1984 1159 2033 pectore
1189 1980 1323 2032 legem

292 2046 578 2098 Conscriptam
610 2047 792 2088 numeris
822 2046 1160 2098 multimodisque
1190 2046 1311 2087 notis.

271 2156 312 2188 V.
341 2156 380 2188 12
411 2156 599 2199 deficiunt]
625 2166 804 2200 suprascr.
831 2156 887 2190 uel
920 2166 938 2190 e
963 2171 1003 2185 Ξ
1028 2156 1203 2191 deficient.
1241 2156 1281 2189 13
1312 2154 1488 2200 praemia]

182 2220 360 2253 suprascr.
387 2210 442 2243 uel
469 2211 616 2253 gaudia.

272 2264 331 2298 [V.
359 2264 440 2297 Cocl.
466 2264 575 2297 Bcrn.
601 2268 668 2297 365*
691 2276 716 2297 s.
751 2265 851 2298 VIII
873 2266 898 2307 f.
926 2266 1022 2299 19611.

270 2319 312 2352 V.
326 2320 346 2352 2
361 2320 561 2363 permotus]
575 2323 691 2363 potest
706 2324 736 2353 et
754 2322 940 2364 promotus
958 2321 1026 2364 quzss
1059 2319 1282 2364 quaestibus.
1300 2320 1319 2353 6
1331 2319 1487 2362 arcibus]

181 2383 361 2415 suprascr.
386 2373 546 2406 caelitus.
