1643 2574
203 166 255 206 30
596 169 815 206 CARMINA
838 166 980 202 MEDH
1001 167 1126 202 AEVL

315 479 351 519 R
382 511 390 518 .
452 509 458 515 .
523 511 526 515 .
657 506 1145 516 ........

316 545 494 596 Signans
524 542 542 582 f
570 572 823 582 .......
855 538 1167 592 splendidorum
1197 537 1373 591 gloriam

209 622 271 657 170
315 610 480 652 Aetatis
511 608 662 649 almam
692 610 789 659 post
819 605 1003 658 quietem
1033 604 1241 656 septimae

316 676 375 718 Ut
403 675 496 727 lege
525 673 671 715 mortis
703 672 896 714 Christus
926 670 1061 712 euicta
1092 669 1158 710 die

317 741 506 783 Surrexit
537 742 697 789 octaua,
730 737 841 790 quod
871 740 935 778 est·
964 739 1057 788 post
1088 735 1320 787 septimam.

318 808 496 848 Animae
526 808 588 846 tot
618 805 798 845 extitere
827 803 983 852 saluae,
1015 805 1201 853 tempore

318 872 410 922 Quo
438 870 621 924 perdidit
651 869 855 921 Gigantas
885 866 1123 916 exundatio,

211 951 274 984 175
318 939 501 980 Numero
532 940 725 977 notantes
754 934 830 976 hoc
860 933 1025 974 beatam
1055 932 1234 985 gloriam

318 1004 501 1046 Nostrae
530 1001 678 1043 salut-is
708 1004 837 1052 atque
866 999 1013 1039 dantes
1043 997 1275 1038 formulam.

374 1069 574 1111 Nouenus
602 1067 701 1108 hinc
730 1065 938 1118 perfectus
969 1075 1062 1105 esse
1093 1062 1295 1104 cernitur.

319 1135 433 1177 Idem
463 1137 639 1176 uocatur
668 1132 763 1173 inde
796 1131 867 1172 sed
897 1129 1132 1182 perfectior,

322 1200 443 1250 Quod
474 1199 521 1241 fit
552 1199 637 1240 suis
667 1197 803 1239 triade
832 1196 955 1236 ducta
986 1193 1176 1235 formulis

216 1278 276 1313 180
324 1267 536 1318 Primique
568 1276 715 1306 uersus
745 1262 881 1316 prodit
911 1262 989 1303 iste
1020 1259 1255 1301 terminum.

323 1332 531 1374 Censetur
560 1330 802 1372 harmoniae
834 1327 905 1368 sed
935 1330 977 1367 et
1004 1337 1102 1378 pars
1138 1324 1305 1365 ultima:

324 1398 483 1440 Octade
514 1397 665 1439 collata
695 1406 846 1435 nouem
877 1405 972 1433 nam
1003 1392 1050 1432 fit
1079 1396 1216 1432 tonus.

324 1465 432 1506 Hinc
462 1467 504 1504 et
535 1474 684 1504 nouem
716 1460 859 1501 Musas
889 1462 1094 1499 uocarunt
1125 1455 1270 1498 musici

324 1530 618 1584 Sphaeraeque
649 1526 849 1568 mundum
880 1527 944 1565 tot
973 1523 1168 1564 feruntur
1199 1521 1379 1574 cingere.

218 1608 279 1642 185
328 1596 395 1638 Sic
426 1594 669 1647 angelorum
701 1596 761 1633 tot
793 1591 1002 1632 habentur
1031 1588 1209 1637 ordines,

325 1662 502 1714 Lapides
531 1659 736 1713 propheta
766 1657 926 1699 nobiles
955 1659 1019 1696 tot
1048 1653 1275 1706 praedicat⁷

326 1728 457 1768 Primi
486 1727 615 1768 creati
646 1725 825 1777 Spiritus
857 1723 897 1763 in
929 1721 1124 1772 tegmine.

379 1793 487 1834 Prae
519 1791 669 1833 ceteris
698 1788 916 1830 habendus
947 1789 1011 1828 est
1042 1785 1257 1827 denarius:

326 1858 542 1899 Perfectus
572 1857 613 1897 in
643 1869 685 1897 se
717 1858 877 1897 ceteros
907 1853 976 1905 qui
1009 1851 1169 1903 colligit

221 1935 282 1969 190
329 1923 563 1964 Perfection
596 1949 1120 1962 .............

328 1989 456 2030 Primi
486 1989 563 2030 iste
597 2018 888 2027 ........

316 2130 353 2163 Γ.
380 2132 551 2162 165-168
576 2129 642 2162 toti
665 2127 792 2168 deleti;
816 2125 875 2160 sed
899 2126 1052 2167 fortasse
1077 2122 1232 2166 quinque
1256 2128 1380 2154 versus
1407 2116 1531 2160 mripti

222 2189 334 2220 eram.
372 2186 432 2218 169
458 2186 474 2217 f
486 2210 579 2217 .....
586 2184 597 2226 1
622 2184 775 2225 fortasse
800 2183 832 2215 st
857 2180 1030 2223 seriptum
1054 2177 1145 2221 fm't;
1175 2176 1214 2209 ‘ln
1237 2173 1401 2209 vocabuli
1423 2171 1494 2214 sine
1517 2171 1529 2204 i

222 2240 311 2274 mihi
326 2238 587 2282 deprehendere
611 2237 741 2271 videor.
781 2236 841 2270 179
866 2234 937 2268 tria
983 2232 1149 2267 deducta.
1187 2230 1248 2263 180
1266 2228 1386 2273 prodit
1403 2227 1442 2259 in
1458 2234 1529 2259 ras.

223 2297 282 2331 181
310 2295 490 2330 armoniae.
527 2294 589 2327 184
612 2302 793 2336 spei-aeque
839 2288 1021 2331 feruntur]
1047 2286 1167 2321 ferunt
1190 2285 1229 2318 in
1253 2294 1324 2317 ras.
1351 2284 1413 2317 186
1430 2281 1529 2325 quot.

224 2354 393 2384 190—196
416 2359 459 2383 ρας
482 2351 585 2392 parte
609 2347 724 2380 deleti.
762 2347 821 2379 1¹³1
848 2344 930 2387 iste]
956 2344 1119 2387 sequitur
1143 2340 1155 2374 i
1178 2339 1231 2374 rel
1254 2351 1288 2373 u.
