1643 2574
564 185 744 222 VERSVS
768 184 1020 220 ZMARACDI.

188 299 341 342 Misisti
371 302 489 341 tuum
521 297 593 339 sed
622 296 826 338 dilectum
856 294 1000 345 filium,

188 366 379 407 Viuimus
408 375 551 406 01111103
581 375 656 416 per
686 373 809 414 quem
838 360 1102 411 mirabiliter,

243 453 455 506 Sanguine
484 451 601 493 cuius
630 450 839 502 redempti
868 459 1080 501 purpureo

188 520 359 571 Sumus,
390 521 558 560 sacrata
589 516 705 558 cuius
737 527 862 557 carne
892 514 1117 567 pascimur,

186 585 341 627 Herico
372 588 465 635 tuo,
496 581 665 625 seruulo
695 580 906 631 mellifluo,

188 650 398 702 Concede,
431 661 605 702 quaeso,
635 647 821 701 paradisi
850 646 1003 699 gaudia

188 716 244 759 Et
274 728 382 758 nunc
412 719 455 757 et
486 715 600 756 ultra
629 725 704 767 per
733 714 921 754 inmensa
941 710 1120 753 saecula.

746 932 830 973 LV.

520 1020 731 1075 VERSUS
769 1017 1061 1073 ZMARACM.

407 1120 531 1163 Sume
561 1119 786 1172 plectrum,
817 1117 963 1169 lingua
992 1116 1114 1157 metri

351 1188 495 1240 Tange
526 1186 702 1228 chordas
734 1183 931 1233 trochaei,

352 1254 537 1294 Aureum
569 1252 764 1303 deprome
796 1261 960 1291 carmen

351 1320 491 1360 Aurea
521 1318 571 1359 de
601 1318 753 1369 patria,

351 1385 429 1426 Est
458 1384 529 1425 ubi
559 1384 684 1424 beata
715 1383 805 1423 uita

351 1451 409 1492 Et
438 1451 631 1502 perennis
661 1448 809 1501 gloria.

405 1538 508 1590 Fige
539 1536 682 1578 stilum
712 1536 860 1588 dicque
889 1534 1083 1587 primum,

350 1604 532 1656 Rumpe,
564 1602 750 1652 Christe,
782 1601 1006 1650 uinculum,

352 1669 501 1711 Cordis
531 1672 573 1710 et
603 1667 729 1709 fibras
760 1666 938 1717 resolue,

351 1735 410 1777 Ut
440 1739 513 1777 tuo
545 1735 595 1776 de
626 1734 795 1774 numine

352 1800 529 1842 Metrice
558 1800 626 1841 1101
656 1811 794 1852 pauca
824 1800 975 1851 possim

354 1865 412 1907 Te
441 1867 615 1908 iuuante
644 1865 794 1907 dicere.

409 1953 472 1994 Tu
502 1956 688 2005 potestas
719 1952 911 2005 gloriosa,

355 2019 416 2060 Tu
449 2018 648 2060 maiestas
678 2018 817 2068 unica,

356 2084 418 2125 Tu
449 2087 616 2125 tuorum
648 2082 864 2132 fortitudo,

225 2207 266 2240 V.
292 2207 333 2239 07
357 2205 502 2239 sacrati.
543 2204 585 2238 69
610 2214 730 2248 queso.

1397 174 1448 213 93

1406 368 1446 402 65

1408 1739 1447 1773 10

1409 2089 1446 2122 15

226 2261 294 2294 LV.
324 2260 405 2295 Cod.
430 2260 540 2293 Rern.
566 2262 630 2291 455
654 2268 680 2292 s.
708 2257 747 2291 X
769 2258 794 2300 f.
819 2259 895 2290 20³.
939 2255 1083 2290 Primae
1107 2254 1274 2299 strophae
1300 2264 1447 2287 mumae

138 2317 400 2360 superscriptae
427 2318 523 2349 sunt.

227 2370 268 2403 V.
292 2371 312 2404 2
337 2371 460 2405 cordas
483 2368 631 2404 trochei.
669 2369 688 2402 6
713 2367 916 2411 perhennis.
