1643 2574
466 176 642 212 VERSVS
666 175 719 210 IN
742 174 799 208 ΕΡ
804 172 1018 208 ΙΡΗΑΝΙΑ.
1344 159 1395 199 45

409 289 549 330 Faeno
578 287 714 329 iacere
743 284 933 338 pertulit,

358 355 566 407 Praesepe
597 364 679 394 non
708 350 943 399 abhorruit,

357 422 580 473 Paruoque
611 418 720 460 laete
750 419 896 468 pastus
928 417 1003 465 est,

358 487 439 529 Per
469 497 591 539 quem
621 496 697 526 nec
727 482 811 524 ales
844 481 989 523 esurit.

413 590 582 633 Gaudet
611 588 761 631 chorus
794 585 1039 627 caelestium
1357 590 1399 624 :25

359 657 416 699 Et
447 655 583 708 angeli
613 656 784 697 cantant
814 652 948 702 deum,

359 722 587 775 Palamque
616 720 663 761 fit
693 717 932 772 pastoribus

360 790 514 832 Pastor
544 790 708 829 creator
737 785 932 826 omnium.

666 1047 824 1089 XXIII.

432 1147 640 1202 VERSVS
678 1146 729 1199 IN
765 1142 1073 1198 EPIPHANIA.

422 1263 566 1305 Hostis
596 1261 784 1303 Herodes
814 1259 952 1312 impie,

369 1330 583 1372 Christum
613 1327 755 1369 uenire
784 1325 881 1378 quid
913 1324 1067 1366 times?

368 1396 462 1438 Non
491 1395 618 1447 eripit
648 1391 851 1442 mortalia,

373 1462 453 1513 Qui
482 1472 612 1514 regna
642 1460 714 1501 (lat
743 1456 961 1500 caelestia!

426 1566 551 1607 Ibant
580 1563 704 1616 magi,
736 1574 819 1615 qua
848 1560 1046 1601 uiderant
1394 1565 1412 1597 5

372 1632 543 1676 Stellam
575 1632 797 1682 sequentes
826 1626 1058 1680 praeuiam,

374 1699 534 1740 Lumen
564 1696 783 1748 requirunt
812 1693 984 1743 lumine,

373 1764 506 1806 Deum
536 1761 721 1803 fatentur
751 1770 936 1800 munere.

431 1867 666 1908 Lauaerum
697 1864 792 1917 puri
823 1861 1007 1914 gurgitis

379 1932 581 1975 Caelestis
611 1942 745 1984 agnus
776 1928 932 1980 attigit,
1376 1932 1415 1965 10

376 1999 566 2049 Peccata,
598 2009 703 2050 quae
732 2007 812 2037 non
843 1992 1008 2043 detulit,

378 2065 465 2107 Nos
496 2063 701 2106 abluendo
733 2060 916 2104 sustulit.

196 2197 239 2231 V.
263 2196 305 2230 22
328 2194 534 2237 abhorruit]
558 2192 734 2227 oborruit.
782 2191 823 2225 27
849 2187 1058 2233 palamque]
1081 2186 1153 2230 fuit
1179 2185 1418 2230 psalmetque.

198 2251 327 2286 XXIII.
353 2250 435 2285 Cod.
460 2249 570 2283 Rern.
596 2250 662 2280 455
685 2256 711 2281 s.
740 2246 779 2279 X
797 2250 824 2288 f.
849 2248 903 2278 2²³.

198 2307 241 2341 V.
266 2308 282 2340 1
313 2305 458 2351 impiae,
490 2314 582 2338 corr.
619 2303 638 2336 5
663 2312 735 2345 qua
765 2300 955 2340 uenerant,
980 2306 1158 2340 suprascr.
1192 2305 1236 2328 m.
1271 2292 1321 2327 ΙΙ
1347 2302 1419 2336 qua

111 2363 290 2397 uiderant.
328 2361 368 2395 12
390 2360 625 2404 peccataque.
