1643 2574
530 208 591 243 DE
622 208 797 243 MORTis
821 207 1012 243 TIMORE.
1349 199 1424 236 167

225 319 398 372 Singula
437 318 536 370 quid
574 330 809 369 memorem,
848 319 891 358 in
929 321 983 368 te,
1023 317 1271 365 miserande,
1312 316 1372 356 la-

1195 382 1371 423 borem‘?

170 450 217 491 In
247 451 396 502 quibus
426 450 561 491 insani
593 450 729 490 studio
759 452 965 490 uexantur
994 449 1119 490 inani.

170 516 290 565 Quod
319 520 463 566 restat,
494 520 627 556 totum
657 515 759 556 facit
789 515 1034 555 assimilatio
1064 518 1222 554 notum.

172 581 207 624 O
238 582 432 623 miseram
463 586 629 631 sortem,
660 580 840 621 uiuendo
871 592 1070 632 quaerere
1099 580 1301 620 mortem!
1387 589 1428 621 :35

171 647 206 689 O
236 648 346 689 mala
376 648 557 698 fortuna,
589 659 712 699 quam
744 646 903 698 syllaba
934 646 1114 686 destruit
1143 646 1252 685 una!

719 877 829 919 HIC.

119 976 258 1040 evol)
283 976 383 1030 Nox
409 976 492 1029 SIT
518 975 933 1030 EXPAVESCENDA
957 974 1107 1028 lions
1134 972 1426 1027 CORPORIS.

174 1109 309 1160 Ligna
340 1108 568 1160 uoluptatis
598 1107 867 1159 plantauerat
897 1110 993 1158 apta
1024 1105 1160 1145 beatis

173 1175 289 1215 Adae
318 1175 487 1226 prouiso
518 1174 708 1214 dominus
740 1173 850 1213 Deus
881 1174 921 1213 in
953 1171 1159 1224 paradiso.

178 1240 420 1291 «Cetera»,
452 1240 570 1290 dixit,
605 1254 621 1277 α
643 1239 735 1285 ede,
776 1239 848 1279 sed
878 1239 929 1279 ab
961 1238 1057 1287 hoc,
1097 1241 1144 1277 ut
1175 1235 1225 1276 ab
1255 1234 1377 1275 hoste

1204 1300 1376 1342 recede!

175 1371 295 1422 Quod
312 1372 454 1423 tetigit
470 1372 603 1422 ficum,
620 1372 742 1411 nimis
753 1371 829 1412 hoc
842 1371 962 1417 erit»,
980 1369 1127 1420 inquit,
1154 1368 1377 1418 «iniquum,

175 1438 217 1480 Si
248 1443 419 1490 propter
448 1438 570 1479 licum
601 1438 677 1478 tibi
705 1450 770 1477 me
802 1438 931 1477 facias
960 1436 1184 1477 inimicum.
1414 1444 1433 1476 5

120 1532 123 1534 -
175 1504 296 1554 Quod
326 1505 361 1545 si
391 1504 589 1555 gustaris,
621 1505 807 1555 sequitur
839 1503 973 1551 simul,
1005 1507 1052 1543 ut
1083 1501 1286 1542 moriaris.

175 1570 256 1620 Qui
286 1570 378 1611 uult
407 1574 540 1611 morte
571 1571 690 1621 mori,
721 1570 771 1610 de
800 1569 959 1610 ficubus
991 1568 1172 1620 applicet
1203 1567 1290 1607 ori!
1314 1581 1329 1603 υ

228 1635 357 1676 Forte
388 1635 454 1676 die
483 1636 663 1686 quadam
693 1634 843 1675 mulier
873 1647 948 1675 sua
979 1633 1096 1674 uenit
1126 1631 1177 1672 ad
1208 1631 1354 1680 Adam7

176 1701 240 1742 Ex
270 1702 358 1742 eius
389 1701 511 1742 costis
542 1700 692 1741 mulier
723 1701 941 1752 plasmata,
974 1698 1046 1739 sed
1077 1698 1223 1739 hostis.

173 1766 304 1808 Vultu
333 1767 562 1819 composito
594 1767 709 1807 uenit
740 1766 947 1818 placitura
977 1766 1142 1810 marito,
1393 1772 1433 1804 lo

175 1832 246 1883 Ut,
279 1833 388 1884 quod
405 1832 614 1882 suaderet,
646 1832 730 1873 cito
760 1831 1011 1884 persuadere
1041 1830 1215 1870 ualeret.

176 1898 250 1939 Ille
280 1898 442 1939 iacebat
472 1899 598 1948 humi,
629 1910 709 1950 quo
740 1901 878 1950 posset
908 1897 959 1937 ab
991 1897 1140 1936 arbore
1171 1895 1277 1935 sumi

176 1964 423 2016 Dependens
452 1964 628 2014 fructus,
660 1965 788 2004 nostri
819 1962 1047 2015 primordia
1077 1961 1227 2002 luctus.

176 2029 370 2081 Coniugis
400 2042 424 2070 a
454 2029 575 2070 laeua
604 2029 807 2070 recubans
838 2032 939 2068 tunc
968 2028 1114 2078 incipit
1146 2027 1238 2067 Eua

208 2162 250 2195 V.
267 2154 308 2195 3}
334 2162 419 2206 quid
449 2174 472 2194 n
497 2172 704 2202 memorem,
728 2173 751 2194 n
777 2160 843 2193 del.
862 2160 906 2203 A]
932 2171 998 2193 cm:
1024 2160 1252 2193 memorans?
1278 2159 1352 2191 uite
1369 2158 1436 2190 nii-

121 2217 272 2251 serando
288 2217 326 2250 B.
358 2218 399 2250 35
425 2209 564 2260 &rem-e.
590 2227 612 2248 n
637 2216 702 2249 ael.
730 2218 775 2249 A.
821 2216 862 2249 :36
887 2215 1019 2248 sulaha
1043 2216 1115 2248 ΑΒ.

207 2271 298 2306 HIC.
326 2270 409 2304 Cod.
434 2270 544 2304 Beria.
572 2274 632 2303 702
661 2270 860 2303 XJ—XH
878 2271 904 2312 f.
929 2273 1005 2302 272.

212 2325 249 2359 V.
274 2327 293 2359 2
319 2326 405 2359 Ade.
445 2327 463 2358 ἴ)
488 2325 524 2358 Si
549 2325 710 2369 propter]
738 2324 928 2358 Fortasse:
954 2325 1006 2357 Ne
1033 2325 1193 2368 propter.
1229 2325 1246 2356 Τ
1274 2322 1432 2356 fientibus

122 2382 209 2416 hori.
266 2383 305 2415 10
329 2381 469 2415 Vultuo.
519 2381 558 2414 14
582 2380 675 2415 lena.
1080 2382 1084 2385 ’
