1643 2574
312 175 491 212 VERSVs
515 175 568 209 IN
591 171 914 209 DEDIOATIONE
938 169 1201 207 ECCLESIAE.

323 287 403 329 Hic
432 285 690 329 sacrosancti
720 284 865 325 latices
895 285 1094 325 ueternas

322 352 502 394 Diluunt
533 350 676 403 culpas
707 350 1001 403 perimuntque
1031 358 1161 388 noxas

323 417 562 460 Chrismate
591 426 704 467 uero,
736 426 868 467 genus
898 417 947 456 ut
978 417 1142 456 creetur

378 481 737 525 Christicolarum.

324 570 402 612 Hic
431 569 543 611 salus
574 568 734 621 aegris,
764 567 970 609 medicina
998 566 1132 617 fessis,

324 637 485 678 Lumen
515 634 673 677 orbatis
704 634 915 686 ueniaque
944 632 1096 674 nostris

324 702 478 744 Fertur
507 700 689 751 offensis,
720 700 844 741 timor
873 702 999 751 atque
1029 708 1191 739 maeror

377 767 555 810 Pellitur
585 766 730 809 omnis.

324 849 547 891 Daemonis
577 859 705 889 saeua
733 846 845 899 perit
874 845 940 887 hic
969 845 1130 898 rapina,

322 915 529 957 Pernicax
558 916 793 955 monstrum
824 915 951 965 pauet
972 915 1014 952 et
1035 914 1199 952 retenta

325 980 511 1034 Corpora
539 979 734 1032 linquens
765 977 875 1031 fugit
903 978 946 1019 in
976 980 1159 1019 remotas

382 1046 509 1088 Ocius
537 1044 719 1087 umbras.

323 1129 403 1170 Hic
431 1129 544 1170 locus
574 1138 723 1180 nempe
752 1127 964 1168 uocitatur
993 1124 1091 1166 aula

326 1194 454 1246 Regis
483 1194 662 1236 inmensi
692 1193 900 1245 niueaque
931 1191 1035 1233 caeli

326 1260 469 1311 Porta,
500 1271 608 1313 quae
637 1260 752 1300 uitae
782 1259 963 1311 patriam
992 1258 1184 1310 petentes

380 1326 543 1379 Accipit
570 1336 724 1376 omnes,

328 1408 470 1450 Turbo
490 1419 614 1460 quam
636 1406 778 1448 nullus
800 1406 937 1458 quatit
958 1408 1032 1446 aut
1052 1408 1258 1456 uagantes

327 1474 513 1516 Diruunt
542 1473 660 1515 uenti
689 1475 995 1525 penetrantque
1024 1470 1165 1521 nimbi,

326 1539 420 1581 Non
450 1540 597 1581 taetris
627 1538 758 1580 laedit
787 1538 928 1590 piceas
953 1536 1147 1579 tenebras

382 1605 585 1646 Tartarus
616 1605 801 1646 horrens.

328 1687 593 1737 Quaesumus
625 1697 746 1737 ergo,
776 1684 902 1735 deus⁷
934 1687 981 1725 ut
1010 1695 1156 1725 sereno

326 1753 500 1794 Annuas
529 1751 653 1793 uultu
682 1749 861 1792 famulos
889 1749 1142 1803 gubernans,

330 1818 412 1868 Qui
442 1822 514 1859 tuo
545 1828 705 1858 summo
736 1815 952 1857 celebrant
981 1827 1120 1856 amore

384 1883 551 1926 Gaudia
580 1882 735 1935 templi.

330 1965 459 2008 Nulla
487 1977 562 2007 nos
593 1965 709 2006 uitae
738 1964 925 2006 crucient
956 1963 1146 2012 molesta,

330 2031 424 2074 Sint
452 2031 540 2073 dies
570 2031 672 2072 laeti
701 2030 974 2083 placidaeque
1004 2033 1155 2078 noctes,

331 2097 482 2139 Nullus
513 2109 563 2138 ex
592 2097 710 2138 nobis
740 2099 945 2149 pereunte
976 2094 1130 2136 mundo

386 2163 552 2206 Sentiat
581 2163 712 2215 ignes.

1365 162 1414 201 73

1377 421 1416 455 15

1374 771 1416 805 20

1378 1132 1420 1166 25

1379 1477 1420 1512 30

1380 1823 1421 1858 35

1381 2168 1423 2200 40

199 2251 242 2285 V.
271 2253 307 2284 15
333 2252 514 2285 crismate.
551 2250 591 2283 17
615 2249 721 2294 egris.
766 2249 806 2283 19
830 2259 961 2283 meror.
1003 2247 1042 2281 21
1070 2246 1262 2300 demonis.-
1276 2245 1317 2279 27
1343 2255 1424 2288 por-

113 2307 223 2350 taque
247 2306 334 2340 uite.
369 2306 411 2340 28
436 2305 562 2339 omnis.
598 2305 641 2338 30
665 2304 753 2338 nibi.
792 2303 832 2337 31
866 2304 980 2337 tetras
1012 2302 1113 2336 ledit.
1156 2302 1197 2335 33
1222 2312 1262 2344 qs
1286 2310 1371 2344 ergo
1388 2298 1424 2332 di

115 2362 156 2395 ut
179 2371 304 2395 sermo.
342 2361 382 2393 :37
409 2359 484 2393 nite
531 2358 712 2393 molestas.
737 2358 779 2392 38
804 2356 1030 2401 placideque.
