1643 2574
300 191 480 227 VERSUS
505 190 585 232 QUi
610 189 857 224 DESCRIPTI
882 188 1004 223 SUNT
1030 188 1080 222 IN
1106 187 1280 222 CALICE.

299 302 465 354 Regnet
492 304 540 342 ut
570 303 778 352 sceptrum
807 301 993 340 retinens
1025 299 1205 347 auitum,

300 367 404 408 Jure
432 367 643 409 subiectos
673 365 816 407 foueat
847 365 1052 415 Quirites,

302 432 497 474 Gaudeat
526 435 649 473 tanto
679 431 843 472 domino
874 431 1045 472 subesse

355 497 465 539 Urbs
496 509 663 551 quoque
694 497 843 537 Roma!

299 587 484 638 Imperet
512 585 646 626 fretus
676 585 856 637 propriis
885 585 1059 625 habenis

301 653 459 706 Sponte
489 652 689 693 subiectis
718 651 883 704 placida
913 651 1052 703 quiete

301 718 483 771 Legibus
512 721 712 770 torquens
742 718 846 759 alios
876 718 1035 758 seueris

355 785 452 825 Rite
482 783 679 825 rebelles!

302 871 448 913 Virtus
479 875 546 912 ast
576 871 693 912 iilum
725 871 948 912 comitatur
978 871 1107 920 alma,

302 937 481 988 Cuncta5
513 949 619 989 quae
650 941 865 989 optamus⁷
895 937 1080 988 regimen
1111 940 1339 978 secuntur

303 1002 494 1045 Caesaris
524 1004 658 1044 nostri
689 1003 855 1044 domino
886 1002 1070 1049 uolente,

358 1069 417 1110 Te
448 1081 627 1121 quoque,
660 1069 839 1111 Christe.

304 1156 474 1198 Summa
504 1158 720 1209 maiestas,
754 1164 874 1210 pater
904 1161 1029 1209 atque
1059 1162 1177 1207 nate,

304 1223 485 1276 Spiritus
516 1227 688 1264 sanctus
718 1224 910 1276 precibus
941 1224 1101 1274 adesto,

305 1289 533 1330 Reddimus
564 1290 674 1342 regis
705 1290 781 1330 tibi
812 1302 888 1341 pro
919 1290 1054 1331 salute

360 1355 493 1406 Quas,
525 1356 627 1396 deus
659 1357 787 1397 unus!

764 1583 834 1624 VI.

216 1683 426 1737 VERSUS
465 1682 555 1745 QUI
591 1683 881 1736 DESCRIPT!
921 1683 1053 1736 SUNT
1091 1683 1143 1736 ΙΝ
1179 1683 1378 1736 emeli.

142 1813 229 1855 Hoc
260 1813 357 1866 agni
388 1817 550 1854 cratere
581 1825 699 1854 sacro
731 1817 930 1865 potantur
962 1818 1004 1855 et
1034 1813 1175 1860 haedi,

198 1879 281 1921 Sed
310 1879 453 1920 haurit
484 1879 625 1931 digne,
657 1880 828 1920 erimine
861 1881 1035 1932 quisque
1067 1885 1196 1921 earet.

142 1944 264 1985 Hune
294 1945 572 1996 Angelbertus
602 1957 808 1986 renouans
840 1947 1017 1999 insignis
1048 1950 1089 1987 et
1119 1959 1222 1988 auro

143 2010 320 2052 Praesul
351 2014 410 2061 et,
443 2023 513 2061 en,
543 2012 706 2064 magnis
734 2012 910 2064 gemmis
942 2012 1206 2053 uariantibus
1237 2013 1368 2053 auxit.

235 2141 273 2174 V.
298 2141 340 2174 :30
364 2141 513 2185 placita.
538 2142 580 2175 35
604 2142 749 2176 christo.

230 2195 292 2230 VI.
319 2195 401 2229 Cod.
428 2195 536 2229 Rern.
561 2199 629 2228 363
652 2207 678 2230 s.
711 2197 815 2230 VIII
832 2202 858 2239 f.
884 2200 972 2231 1972.

1410 1366 1452 1398 40

232 2250 275 2284 V.
301 2251 316 2283 1
342 2250 424 2294 hoe]
457 2251 521 2285 h.e.
568 2250 664 2285 hedi.
700 2252 719 2284 2
744 2252 890 2295 quique.
917 2254 934 2283 :3
959 2253 1218 2296 Angelbertus]
1243 2254 1315 2295 fust
1339 2252 1455 2295 ingei-

145 2305 280 2339 bertus.
