1643 2574
576 205 757 239 VERSVS
782 204 989 240 ALCVINI.
1364 199 1439 237 135

178 318 368 367 Cautum,
399 316 658 369 peruigilem,
691 317 905 368 signatum
937 329 1040 358 uoce
1071 316 1299 361 130110110111,

179 382 260 432 Qui
291 394 355 422 me
386 382 589 434 prouexit,
621 381 691 433 qui
721 382 916 423 laudibus
947 383 1098 423 extulit
1128 383 1252 423 olim!

178 447 260 497 Qui
290 448 323 489 si
353 446 462 488 forte
492 459 606 488 meos
635 459 770 488 mores
801 452 1019 499 cognosset
1051 451 1092 488 et
1123 452 1257 498 actUS,
1423 459 1442 491 5

177 513 225 553 In
255 516 408 554 memet
438 512 616 563 laudem,
648 512 795 563 fateor,
833 525 913 554 non
944 513 1102 554 diceret
1132 513 1273 554 ullam.

180 578 253 620 Set
282 579 476 630 quoniam
505 579 647 630 magni
677 579 795 620 duxit
826 592 888 620 me
919 579 1042 620 laude
1071 580 1201 630 beari,

179 643 430 685 Laudandus
460 644 563 684 mihi
593 656 756 696 semper
787 644 882 695 erit,
916 645 1013 685 dum
1044 645 1132 686 uita
1160 644 1359 695 manebit,

178 710 414 750 Mirandum
445 710 519 751 sed
549 710 601 761 ei,
632 722 713 762 quo
745 713 888 751 tantus
918 709 1087 751 fluxerit
1117 710 1242 751 ardor

180 775 398 827 Tantaque
428 776 576 817 nesciti
607 775 738 816 creuit
768 775 935 817 dilectio
966 776 1124 826 fratris,
1402 788 1442 820 10

177 841 236 882 Ut
267 853 331 882 me
361 841 567 892 laudaret,
598 853 720 893 quem
750 842 933 883 nondum
965 843 1098 882 creuit
1129 841 1281 892 ocellis,

179 907 265 948 Nec
297 906 585 948 confedustum
616 908 695 948 sibi
726 908 808 948 iam
840 907 1023 948 sociarat
1052 907 1242 948 amicum.

180 973 338 1024 Sentio,
370 973 504 1024 credo,
535 973 701 1023 1101111111,
734 985 841 1014 uena
871 986 954 1025 qua
984 973 1139 1025 prodiit
1168 973 1286 1024 illud,

178 1038 305 1089 Gens,
336 1050 593 1091 quacumque
624 1040 740 1080 uenit
768 1039 903 1091 physi,
935 1039 1139 1080 remeabit
1166 1040 1219 1080 ad
1241 1040 1385 1092 ipsam.

179 1104 338 1157 Nempe
367 1117 498 1156 genus
529 1105 742 1145 hominum
772 1106 936 1157 peperit
967 1109 1119 1147 natura
1151 1106 1344 1155 creatrix,
1403 1116 1442 1149 15

182 1169 303 1219 Quod
333 1174 519 1211 tractare
551 1170 703 1211 bouum
735 1182 899 1222 semper
929 1170 1117 1212 faciendo
1149 1171 1314 1212 suescit.

180 1236 297 1277 Haec
327 1240 393 1278 est
422 1236 496 1278 illa
527 1236 647 1277 deum
679 1237 836 1288 iugiter
866 1238 1085 1288 generatio
1116 1249 1335 1289 quaerens,

181 1301 369 1343 Traduce
401 1303 451 1343 de
481 1305 598 1344 cuius
627 1306 668 1344 te
700 1306 892 1343 exortum
924 1303 1082 1355 prodis,
1115 1304 1259 1352 amice,

178 1367 288 1409 Dum
318 1372 490 1410 cantare
520 1380 632 1409 meas
662 1369 806 1409 laudes
838 1369 1053 1410 contendis
1084 1374 1125 1409 et
1157 1368 1273 1417 odas,

181 1433 289 1474 Dum
320 1435 471 1476 samam
501 1446 731 1486 nomenque
762 1447 898 1475 meum
932 1435 1138 1487 dispergis
1169 1435 1209 1474 in
1242 1445 1442 1485 1111111020

180 1500 290 1541 Dum
311 1501 496 1542 studium
517 1501 796 1552 meritumque
813 1513 948 1541 meum
966 1500 1175 1552 depromis
1192 1500 1387 1542 inaltans.

181 1565 249 1607 Sic
269 1565 387 1617 bona,
414 1578 588 1618 quaeque
610 1567 732 1619 geris,
754 1566 828 1607 tibi
851 1566 1029 1607 contulit
1050 1566 1194 1606 inclita
1216 1566 1370 1618 physis,

179 1631 305 1672 Fauit
335 1635 377 1672 et
406 1631 519 1673 hisce
550 1631 666 1672 bonis
697 1644 839 1673 rerum
869 1631 1095 1684 prudentia
1125 1630 1236 1672 felix.

182 1697 290 1738 Ante
320 1697 426 1749 pilos
456 1697 534 1738 tibi
565 1710 672 1750 quae
701 1698 830 1748 uenit,
862 1701 1001 1738 tecum
1032 1709 1197 1749 quoque
1227 1696 1381 1749 gliscit,

182 1762 239 1803 Te
269 1776 442 1815 puerum
472 1763 578 1805 fouit
607 1764 888 1816 iuuenemque
918 1764 1139 1815 uirumque
1170 1763 1346 1814 docebit,
1402 1774 1445 1806 ‘25

183 1827 227 1869 81
257 1841 427 1870 maneas
456 1832 497 1870 te
528 1830 642 1870 intra
671 1842 746 1870 nec
776 1833 818 1870 te
849 1829 1110 1881 quaesiueris
1140 1832 1271 1879 extra,

183 1894 225 1936 81
256 1895 413 1946 coeptis
443 1895 617 1947 posthac
648 1895 799 1937 studiis
830 1895 1015 1936 sudando
1046 1895 1213 1945 fruaris,

183 1958 226 1999 81
256 1959 424 2001 1101011111
456 1961 624 2002 scuticis
654 1961 895 2002 submiseris
927 1961 1016 2013 ipse
1046 1961 1189 2012 poesis,

183 2025 309 2078 Sique
338 2038 507 2066 manum
540 2025 700 2068 ferulae
731 2027 982 2068 subduxeris
1014 2026 1108 2067 inde
1140 2026 1323 2078 sophiae.

182 2094 260 2133 Ast
289 2093 387 2143 quia
417 2092 646 2144 condignas
678 2104 837 2144 nequeo
869 2092 945 2133 tibi
976 2104 1166 2143 promere
1196 2092 1355 2143 laudes,
1400 2102 1442 2135 30

182 2157 339 2199 Saltem
369 2157 531 2209 aliquas
560 2157 776 2199 scribendo
807 2162 903 2200 tuas
934 2158 1027 2199 uolo
1056 2158 1239 2210 pandere
1266 2158 1389 2208 uires,

184 2223 302 2272 Quae
322 2228 462 2265 tamen
483 2224 558 2265 lias
579 2224 733 2275 poterit
752 2224 973 2265 dumtaxat
992 2224 1196 2276 prendere
1219 2223 1377 2275 lingua,

216 2331 256 2365 V.
283 2332 302 2365 8
328 2332 448 2366 michi.
497 2332 536 2365 12
562 2332 824 2372 confedustum,
848 2332 907 2365 sic.
958 2333 996 2366 17
1022 2343 1189 2377 querens.
1228 2333 1268 2365 25
1294 2331 1445 2373 decebit,

129 2396 220 2419 corr.
269 2387 311 2420 20·
339 2387 546 2430 (111001110110.
594 2388 635 2420 27
660 2387 784 2431 ceptis.
831 2388 873 2421 29
896 2387 1019 2421 ferule.
1066 2388 1107 2421 32
1133 2387 1368 2431 prehendere.
