1643 2574
482 162 662 197 VERSVS
686 162 746 197 DE
771 163 1024 199 MONACHIS.
1333 161 1408 200 205

659 339 846 381 CXXXI.

433 448 639 503 VERsvs
676 450 742 502 DE
780 450 1067 504 molimus,

96 558 174 608 Qui
203 557 395 599 monachi
427 562 582 599 rectam
613 558 774 599 mauult
803 559 1006 601 deducere
1037 562 1168 602 uitam

94 627 180 666 Aut
210 625 324 677 cupit
354 628 571 666 aeternum
602 624 757 665 domini
788 627 1031 677 conquirere
1062 639 1248 679 regnum⁷

93 691 229 732 Debet
258 702 401 732 amare
430 690 517 732 loco
548 690 678 732 cellae
710 691 945 733 concludier
975 704 1076 734 uno:

94 756 208 798 Cella
228 756 330 798 facit
351 756 614 807 monachum,
634 757 825 808 quamuis
846 757 901 798 sit
922 758 1117 810 paruula,
1140 771 1349 812 magnum.

92 823 285 865 Dulciter
314 823 490 864 interius
523 823 724 863 mirandis
755 823 914 864 uiribus
945 828 1096 875 armat,
1383 840 1403 872 5

46 895 52 898 '
92 889 271 931 Instruit
300 888 493 930 erudiens
523 893 564 929 et
595 889 753 930 sanctis
783 889 967 931 moribus
999 895 1131 932 ornat.

93 955 209 997 Cella
239 955 359 996 docet
388 955 638 995 monachum
670 959 881 995 terrenum
912 954 1100 1008 linquere
1131 958 1340 1009 mundum7

79 1021 296 1064 Scandere
328 1020 536 1062 sidereum
567 1023 664 1072 post
694 1021 833 1062 tristia
862 1027 1050 1073 tempora
1080 1023 1251 1075 caelum,

91 1087 263 1139 Semper
291 1087 333 1127 in
364 1089 579 1128 aeternum
610 1087 742 1138 possit
772 1090 818 1127 ut
848 1099 1017 1128 cernere
1050 1088 1273 1131 Christum.

90 1153 296 1194 Admonet
327 1156 369 1194 et
399 1152 572 1204 iugiter,
604 1156 785 1193 mentem
817 1152 1039 1194 sustollere
1071 1167 1250 1206 sursum,
1358 1168 1399 1201 10

90 1219 251 1261 Vitales
281 1218 424 1260 crebro
453 1218 654 1259 librorum
688 1230 858 1271 carpere
888 1218 1063 1271 fructus,

89 1284 212 1326 Unde
243 1285 345 1326 satis
376 1285 517 1325 ualeat
547 1284 681 1326 cordis
702 1285 976 1337 pinguescere
996 1286 1127 1327 uisus.

89 1350 283 1392 Claustra
314 1350 559 1391 monasterii
590 1350 822 1391 monachus
854 1351 1061 1393 concludit
1092 1356 1133 1393 et
1163 1357 1288 1405 artat,

87 1416 331 1458 Muneribus
361 1416 491 1458 sacris
521 1416 644 1466 ditat,
678 1417 884 1468 componit
918 1421 961 1458 et
990 1422 1125 1469 ornat⁷

86 1483 297 1535 Expertus
327 1482 429 1534 legis
460 1485 625 1534 compto
656 1494 848 1523 sermone
877 1487 1090 1535 uenustat,
1360 1496 1399 1530 15

85 1548 226 1600 Erigit
255 1549 308 1590 ad
339 1560 509 1601 superos
540 1549 742 1590 mundato
772 1548 894 1589 corde
925 1549 1086 1601 beatos,

85 1614 219 1656 Mittit
249 1614 300 1655 ad
329 1615 581 1666 astrigerum
611 1614 748 1656 cordis
779 1615 958 1666 suspiria
990 1616 1147 1657 caelum

85 1680 140 1721 Et
169 1680 352 1721 lacrimis
382 1681 523 1732 plenos
554 1692 719 1722 sursum
750 1680 934 1722 sustollit
965 1681 1129 1733 ocellos,

84 1746 143 1788 Ut
171 1746 316 1787 ualeat
345 1747 510 1798 plorans
540 1746 643 1787 illud
673 1747 918 1798 conquirere
948 1760 1135 1800 regnum,

85 1802 204 1862 Quod
233 1812 373 1863 potuit
403 1812 587 1863 gaudens
617 1815 788 1865 gustato
818 1811 996 1864 perdere
1026 1823 1161 1863 pomo,
1354 1827 1395 1860 20

84 1878 221 1919 Possit
250 1881 292 1918 et
321 1877 373 1918 ad
402 1877 563 1929 lignum
594 1877 707 1918 uitae
738 1877 963 1929 perducere
994 1882 1180 1930 gustum,

171 2008 326 2042 CXXXI.
355 2008 437 2043 Cocl.
462 2008 572 2042 Rern.
598 2009 633 2041 A
651 2012 692 2041 92
719 2020 771 2042 nr.
788 2012 831 2042 22
848 2019 875 2043 s.
895 2010 1141 2044 XII—XIII
1158 2013 1183 2054 f.
1209 2014 1259 2047 3¹³.
1287 2013 1395 2046 Prae·

83 2063 275 2106 scriptum:
317 2064 474 2107 Explicit
504 2065 705 2098 tractatum
741 2065 778 2097 in
810 2065 979 2108 partibus
1022 2066 1157 2101 Donati
1206 2067 1394 2102 cuiusdam

82 2118 286 2162 presbyteri
331 2120 397 2160 (est
435 2118 673 2162 Smaraqdus,
717 2119 760 2161 (f.
793 2119 912 2153 anecd.
945 2120 1131 2155 Heli-etim
1162 2124 1394 2166 grammatica

77 2177 195 2215 praef.
219 2183 253 2215 ρ.
282 2172 530 2206 CCXXXIX
552 2178 650 2216 seq).
675 2173 859 2218 Incipiunt
883 2185 1003 2209 uersus
1029 2176 1072 2210 de
1097 2178 1293 2211 monachis.

171 2227 212 2260 V.
243 2228 262 2260 2
297 2229 472 2262 eternum.
526 2229 546 2262 3
579 2228 680 2263 celle.
727 2230 746 2262 S
778 2230 966 2272 sydereum
1013 2231 1142 2267 celum.
1188 2234 1225 2266 ll
1258 2234 1393 2267 uitalis.

85 2282 125 2315 13
147 2282 374 2318 monachum.
424 2284 463 2317 15
488 2286 524 2317 et
549 2284 686 2328 peritus
734 2286 864 2319 comto.
914 2287 952 2319 17
978 2287 1220 2332 adstrigerum
1267 2289 1392 2323 celum.

82 2337 121 2370 21
147 2336 232 2371 uite.
