1643 2574
444 151 624 188 VERSVS
648 150 710 185 DE
734 146 1054 183 MARTYRIBVS.
1355 134 1406 174 63

448 262 614 304 Laudes
643 260 822 302 ferentes
853 257 1014 299 debitas

451 328 571 370 Laeti
601 336 797 368 canamus
828 321 1051 372 mentibus,

504 424 788 467 Ecclesiarum
817 420 1038 474 principes,
1390 427 1409 459 5

452 492 558 533 Belli
587 488 864 541 triumphales
895 486 1032 535 duces,
1458 472 1462 475 ’

453 556 657 600 Caelestis
686 554 809 596 aulae
838 552 991 593 milites

452 623 510 665 Et
539 635 640 664 uera
670 619 816 662 mundi
844 619 1015 659 lumina.

511 721 689 762 Terrore
718 718 830 759 uicto
861 715 1018 758 saeculi

454 787 686 839 Poenisque
717 783 868 837 spretis
898 781 1084 833 eorporis
1374 789 1413 822 10

454 853 602 894 Mortis
633 861 777 893 sacrae
808 847 1035 900 conpendio

455 919 598 961 Vitam
627 918 792 959 beatam
821 914 1047 968 possident.

512 1018 758 1060 Traduntur
787 1015 874 1068 igni
903 1016 1109 1066 martyres

460 1086 518 1127 Et
547 1085 779 1126 bestiarum
809 1080 1020 1127 dentibus,

459 1153 636 1193 Armata
666 1149 802 1191 saeuit
831 1145 1002 1199 ungulis
1378 1153 1417 1186 15

457 1217 650 1260 Tortoris
680 1215 815 1257 insani
845 1224 1007 1254 manus.

514 1315 685 1356 Nudata
713 1312 895 1366 pendent
925 1311 1101 1360 uiscera,

461 1381 638 1434 Sanguis
670 1382 860 1422 sacratus
891 1376 1094 1426 funditur,

459 1448 539 1490 Sed
568 1448 817 1500 permanent
847 1442 1077 1485 immobiles

459 1513 583 1555 Vitae
613 1510 810 1565 perennis
840 1509 991 1562 gratia.
1379 1514 1420 1548 20

509 1612 674 1653 Deuota
703 1611 945 1651 sanctorum
974 1605 1090 1656 fides,

462 1678 627 1720 Inuieta
658 1687 754 1728 spes
785 1673 1055 1722 credentium,

462 1742 655 1785 Perfecta
687 1740 845 1782 Christi
875 1739 1031 1780 caritas

458 1808 604 1850 Mundi
633 1805 867 1858 triumphat
896 1805 1114 1857 principes.

518 1908 569 1948 In
598 1907 662 1948 his
692 1910 869 1959 paterna
898 1904 1043 1957 gloria,
1376 1909 1421 1943 25

463 1973 511 2014 In
539 1973 605 2015 his
635 1972 829 2014 uoluntas
860 1970 1050 2023 spiritus,

463 2038 639 2080 Exultat
669 2039 712 2079 in
741 2037 805 2079 his
834 2036 958 2086 filius,

470 2104 641 2146 Caelum
672 2103 859 2157 repletur
888 2100 1054 2154 gaudio.

198 2227 241 2261 V.
266 2227 286 2261 3
321 2225 493 2268 ferentes]
527 2234 707 2267 suprascr.
738 2233 782 2256 m.
815 2222 865 2255 II
890 2222 1067 2255 canentes.
1109 2220 1130 2253 4
1164 2218 1239 2253 leti.
1279 2218 1297 2251 7
1331 2217 1424 2251 aule.

116 2283 156 2317 10
177 2281 387 2327 paenisque.
411 2281 448 2314 11
475 2290 582 2314 sacre.
609 2279 648 2312 15
674 2277 777 2312 seuit.
803 2276 843 2310 16
866 2275 904 2309 in
927 2275 1016 2310 sani.
1042 2275 1082 2308 17
1108 2274 1252 2318 pedent.
1284 2272 1323 2306 19
1347 2271 1423 2314 sed]

111 2337 185 2381 fuit
209 2346 293 2371 sem.
327 2337 369 2370 20
393 2335 469 2369 uite
493 2333 695 2379 perhennis.
730 2332 771 2366 27
796 2330 891 2364 filius
915 2339 1028 2373 supra
1055 2329 1198 2363 lineam.
