1643 2574
322 177 502 215 VERSVS
527 175 589 209 DE
613 167 909 208 ASCENSIONE
935 163 1120 202 DOMINI.
1325 152 1374 191 53

393 285 607 332 Scandens
637 280 824 324 tribunal
854 278 1050 320 dexterae
1357 281 1376 314 5

341 355 480 398 Patris
511 353 697 406 potestas
727 346 909 389 omnium

344 420 520 464 Conlata
550 420 625 467 est,
654 415 770 464 Iesu⁷
801 411 987 460 caelitus,

344 488 461 539 Quae
491 496 573 527 non
602 484 692 524 erat
719 478 974 520 humanitus.

398 596 458 639 Ut
487 594 599 637 trina
629 601 769 633 rerum
797 586 993 628 machina

347 660 614 705 Caelestium,
644 654 910 698 terrestrium
1347 654 1386 687 ιο

348 728 405 770 Et
434 725 692 769 infernorum
724 719 890 762 condita

349 794 513 835 Flectat
543 801 654 844 genu
684 789 765 829 iam
795 783 974 826 subdita.

405 902 611 943 Tremunt
641 896 834 938 uidentes
863 890 1003 943 angeli

356 969 532 1011 Versam
561 965 696 1007 uicem
724 958 983 1008 mortalium,

355 1034 508 1087 Culpat
539 1042 646 1081 cam,
677 1029 831 1082 purgat
861 1035 967 1075 caro,
1352 1025 1394 1058 15

357 1102 523 1154 Regnat
553 1099 655 1140 deus
686 1094 752 1137 dei
782 1103 892 1134 caro.

414 1210 487 1260 Te,
519 1207 697 1256 Christe,
727 1205 918 1245 nostrum
949 1196 1159 1251 gaudium,

362 1277 540 1318 Manens
570 1271 747 1325 Olympo
778 1266 1026 1321 praeditum,

363 1340 509 1384 Mundi
540 1338 653 1391 regis
685 1337 757 1388 qui
784 1332 983 1376 fabricam

366 1406 579 1449 Mundana
608 1404 779 1445 uincens
810 1397 976 1451 gaudia.
1362 1398 1405 1431 20

420 1516 528 1558 Hinc
558 1517 600 1555 te
629 1514 849 1565 precantes
880 1515 1146 1560 quaesumus,

367 1584 542 1636 Ignosce
571 1578 706 1632 culpis
736 1575 928 1619 omnibus

370 1650 426 1691 Et
455 1647 580 1691 corda
611 1656 778 1687 sursum
807 1640 982 1684 subleua

372 1715 435 1757 Ad
464 1718 506 1756 te
538 1723 718 1765 superna
748 1708 899 1763 gratia.

428 1823 488 1866 Ut
516 1834 609 1865 cum
640 1820 817 1861 rubente
847 1814 1030 1868 coeperis
1373 1816 1413 1850 :25

376 1891 546 1932 Clarere
576 1887 686 1929 nube
715 1884 877 1933 iudicis,

378 1957 536 1999 Poenas
567 1952 746 2006 repellas
778 1949 954 1998 debitas,

380 2021 546 2064 Reddas
576 2029 746 2061 coronas
777 2014 979 2069 perditas.

196 2178 238 2213 V.
265 2177 305 2212 18
337 2176 482 2220 olimpo.
519 2173 558 2206 21
592 2171 676 2204 hino
707 2170 744 2203 te
775 2166 992 2212 praec-antes
1023 2175 1073 2207 qs.
1109 2163 1151 2196 25
1183 2160 1336 2195 rubente
1368 2168 1422 2192 ce-

110 2234 205 2279 peris
228 2233 267 2267 in
294 2242 361 2266 ras.
398 2230 440 2264 26
463 2228 559 2262 clare
595 2225 742 2261 renube.
776 2223 817 2256 27
842 2220 997 2265 repellas
1025 2219 1063 2252 in
1087 2226 1157 2252 ras.
