1643 2574
632 169 693 203 DE
719 169 929 206 CHRISTO.
1365 171 1441 209 107

509 276 688 330 Clanget
719 280 819 321 tuba
849 285 913 323 ter
943 286 1160 335 quaternis

455 342 607 385 Terrae
636 345 783 398 plagas
815 350 1026 391 concitans

452 408 584 451 Viuos
615 423 698 451 una
727 417 999 466 mortuosque

451 473 619 517 Christo
652 477 733 518 ciet
763 478 926 520 obuiam

503 541 550 582 In
580 544 798 585 tremendo
828 544 911 598 [die
942 547 1101 601 iudicii]
1136 581 1254 591 .....
1396 563 1438 596 15

630 637 651 656 >k
764 611 785 634 ἧς
897 641 918 663 >k

705 840 837 882 LXII.

494 936 594 987 Rex,
626 937 802 992 Christe,
834 942 945 983 serui
975 943 1168 986 laudibus

437 1000 623 1053 Dignare
652 1003 818 1047 laudari
849 1007 923 1059 tui,

437 1066 501 1107 Ex
532 1080 601 1110 ore
632 1072 749 1112 cuius
779 1072 975 1115 discimus

439 1132 497 1175 Te
526 1139 647 1187 patre
678 1142 822 1179 natum
855 1141 1024 1183 seruuli.

490 1221 547 1264 Te
577 1224 825 1267 eonfitemur
854 1228 986 1269 filium
1404 1247 1424 1279 5

431 1286 519 1329 Nee
549 1288 643 1341 lege
673 1291 861 1334 uinctum
892 1297 1102 1349 temporis,

432 1352 495 1394 Tu
525 1354 664 1397 lumen
696 1369 740 1398 es
771 1371 820 1399 ex
851 1360 1007 1402 lumine

431 1418 568 1462 Verus
599 1422 715 1475 deus,
748 1437 875 1468 uerus
906 1427 1039 1470 homo.

482 1507 575 1550 Hoc
606 1523 656 1551 ex
678 1512 882 1556 Johannis
913 1515 1082 1560 flumine

428 1572 623 1617 Donante
654 1581 695 1618 te
725 1581 1000 1633 percepimus,
1375 1599 1416 1633 10

422 1638 514 1681 Hoc
544 1643 670 1684 corde
700 1643 843 1697 lingua
872 1648 1103 1702 pandimus,

423 1705 615 1758 Aequum
646 1710 757 1761 patri
787 1713 858 1764 qui
889 1718 1012 1756 natus
1043 1728 1099 1758 es.

477 1794 540 1835 Tu
570 1797 744 1849 spiritus
776 1813 901 1852 porro
933 1803 1000 1855 pie

370 1902 375 1905 ,
421 1858 556 1902 Maior
585 1864 720 1905 minor
750 1865 865 1908 laudi
893 1870 1076 1922 eredens,

420 1924 606 1975 Quorum
634 1935 820 1983 potestas
849 1947 932 1975 una
963 1940 1028 1977 est
1368 1953 1408 1986 15

418 1990 505 2034 Nee
534 1997 732 2047 temporis
763 1998 979 2042 distantia.

184 2105 221 2139 V.
245 2110 287 2140 10
308 2111 487 2153 supplem.
538 2115 574 2147 11
602 2117 699 2153 tube.
750 2120 788 2152 12
818 2122 913 2155 'terre
959 2123 1161 2160 eoneinans.
1204 2129 1243 2163 15
1268 2130 1306 2162 in
1333 2132 1405 2164 ‘tre-

88 2160 233 2205 mendo]
256 2162 313 2197 hie
335 2165 420 2206 fim’s
437 2169 613 2212 payinae.

174 2226 280 2261 LXII.
306 2229 390 2264 Cod.
414 2233 449 2265 A
473 2237 526 2274 90,
551 2239 592 2268 11¹
615 2247 642 2270 s.
669 2238 710 2271 X
730 2241 756 2282 f.
781 2244 828 2275 1²2.

172 2292 275 2327 Inter
299 2306 329 2329 2⁷.
353 2300 395 2330 16
418 2302 451 2333 et
475 2303 515 2333 17
537 2303 647 2337 uilius
671 2306 778 2340 stiehfz·
802 2308 948 2353 lacuna,
978 2316 1018 2346 ut
1042 2314 1195 2350 alterum
1222 2317 1393 2362 hymnum

83 2345 184 2381 illinc
207 2348 378 2393 incepisse
402 2355 571 2390 credibile
597 2359 654 2391 sit.
