<?xml version="1.0" encoding="UTF-8"?>
<!DOCTYPE html PUBLIC "-//W3C//DTD XHTML 1.0 Transitional//EN"
    "http://www.w3.org/TR/xhtml1/DTD/xhtml1-transitional.dtd">
<html xmlns="http://www.w3.org/1999/xhtml" xml:lang="en" lang="en">
 <head>
  <title>
</title>
<meta http-equiv="Content-Type" content="text/html;charset=utf-8" />
  <meta name='ocr-system' content='tesseract 3.04.00' />
  <meta name='ocr-capabilities' content='ocr_page ocr_carea ocr_par ocr_line ocrx_word'/>
</head>
<body>
  <div class='ocr_page' id='page_1' title='image "./carminamediiaevi00domuuoft_0031.png"; bbox 0 0 1643 2574; ppageno 0'>
   <div class='ocr_carea' id='block_1_1' title="bbox 554 189 1443 233">
    <p class='ocr_par' dir='ltr' id='par_1_1' title="bbox 554 189 1443 233">
     <span class='ocr_line' id='line_1_1' title="bbox 554 189 1443 233; baseline -0.007 0"><span class='ocrx_word' id='word_1_1' title='bbox 554 198 814 233; x_wconf 80' lang='lat' dir='ltr'><strong>HLOTHARII</strong></span> <span class='ocrx_word' id='word_1_2' title='bbox 838 198 1027 233; x_wconf 83' lang='lat' dir='ltr'>VERSUS.</span> <span class='ocrx_word' id='word_1_3' title='bbox 1422 189 1443 227; x_wconf 82' lang='lat'>5</span> 
     </span>
    </p>
   </div>
   <div class='ocr_carea' id='block_1_2' title="bbox 185 306 1444 1877">
    <p class='ocr_par' dir='ltr' id='par_1_2' title="bbox 187 306 1272 427">
     <span class='ocr_line' id='line_1_2' title="bbox 187 306 1272 361; baseline -0.004 -10"><span class='ocrx_word' id='word_1_4' title='bbox 187 309 311 351; x_wconf 84' lang='lat' dir='ltr'>Nosti</span> <span class='ocrx_word' id='word_1_5' title='bbox 340 312 578 361; x_wconf 79' lang='lat' dir='ltr'>praeterea,</span> <span class='ocrx_word' id='word_1_6' title='bbox 609 308 701 360; x_wconf 85' lang='lat' dir='ltr'>quis</span> <span class='ocrx_word' id='word_1_7' title='bbox 732 307 877 348; x_wconf 86' lang='lat' dir='ltr'>uoluat</span> <span class='ocrx_word' id='word_1_8' title='bbox 908 307 1081 360; x_wconf 86' lang='lat' dir='ltr'>spiritus</span> <span class='ocrx_word' id='word_1_9' title='bbox 1113 306 1272 357; x_wconf 72' lang='lat' dir='ltr'>orbem,</span> 
     </span>
     <span class='ocr_line' id='line_1_3' title="bbox 242 373 1255 427; baseline -0.003 -11"><span class='ocrx_word' id='word_1_10' title='bbox 242 375 439 427; x_wconf 80' lang='lat' dir='ltr'><strong>Aequora</strong></span> <span class='ocrx_word' id='word_1_11' title='bbox 469 373 695 415; x_wconf 78' lang='lat' dir='ltr'>sollicitent</span> <span class='ocrx_word' id='word_1_12' title='bbox 724 373 891 414; x_wconf 79' lang='lat' dir='ltr'>flamina</span> <span class='ocrx_word' id='word_1_13' title='bbox 922 386 1083 426; x_wconf 86' lang='lat' dir='ltr'>quaeue</span> <span class='ocrx_word' id='word_1_14' title='bbox 1112 373 1255 423; x_wconf 63' lang='lat' dir='ltr'>maris,</span> 
     </span>
    </p>

    <p class='ocr_par' dir='ltr' id='par_1_3' title="bbox 187 438 1443 558">
     <span class='ocr_line' id='line_1_4' title="bbox 187 438 1443 492; baseline 0 -10"><span class='ocrx_word' id='word_1_15' title='bbox 187 440 267 482; x_wconf 82' lang='lat' dir='ltr'>Vel</span> <span class='ocrx_word' id='word_1_16' title='bbox 296 453 369 482; x_wconf 88' lang='lat' dir='ltr'>cur</span> <span class='ocrx_word' id='word_1_17' title='bbox 398 440 623 492; x_wconf 85' lang='lat' dir='ltr'>Hesperias</span> <span class='ocrx_word' id='word_1_18' title='bbox 654 452 849 480; x_wconf 84' lang='lat' dir='ltr'>casurum</span> <span class='ocrx_word' id='word_1_19' title='bbox 880 439 993 480; x_wconf 84' lang='lat' dir='ltr'>sidus</span> <span class='ocrx_word' id='word_1_20' title='bbox 1023 440 1064 479; x_wconf 89' lang='lat' dir='ltr'>in</span> <span class='ocrx_word' id='word_1_21' title='bbox 1094 438 1225 480; x_wconf 83' lang='lat' dir='ltr'>undas</span> <span class='ocrx_word' id='word_1_22' title='bbox 1406 449 1443 482; x_wconf 84' lang='lat'>15</span> 
     </span>
     <span class='ocr_line' id='line_1_5' title="bbox 241 505 1098 558; baseline -0.002 -10"><span class='ocrx_word' id='word_1_23' title='bbox 241 508 403 548; x_wconf 80' lang='lat' dir='ltr'>Rursus</span> <span class='ocrx_word' id='word_1_24' title='bbox 432 506 482 547; x_wconf 85' lang='lat' dir='ltr'>ab</span> <span class='ocrx_word' id='word_1_25' title='bbox 513 506 601 547; x_wconf 90' lang='lat' dir='ltr'>Eoo</span> <span class='ocrx_word' id='word_1_26' title='bbox 632 511 777 557; x_wconf 77' lang='lat' dir='ltr'>surgat</span> <span class='ocrx_word' id='word_1_27' title='bbox 806 507 848 547; x_wconf 89' lang='lat' dir='ltr'>in</span> <span class='ocrx_word' id='word_1_28' title='bbox 879 518 972 547; x_wconf 81' lang='lat' dir='ltr'>arce</span> <span class='ocrx_word' id='word_1_29' title='bbox 1003 505 1098 558; x_wconf 85' lang='lat' dir='ltr'>poli.</span> 
     </span>
    </p>

    <p class='ocr_par' dir='ltr' id='par_1_4' title="bbox 186 570 1233 692">
     <span class='ocr_line' id='line_1_6' title="bbox 186 570 1233 625; baseline -0.004 -10"><span class='ocrx_word' id='word_1_30' title='bbox 186 572 346 615; x_wconf 81' lang='lat' dir='ltr'>Causas</span> <span class='ocrx_word' id='word_1_31' title='bbox 377 572 476 625; x_wconf 87' lang='lat' dir='ltr'>quin</span> <span class='ocrx_word' id='word_1_32' title='bbox 506 572 632 614; x_wconf 79' lang='lat' dir='ltr'>etiam</span> <span class='ocrx_word' id='word_1_33' title='bbox 662 572 790 623; x_wconf 78' lang='lat' dir='ltr'>nosti,</span> <span class='ocrx_word' id='word_1_34' title='bbox 823 584 896 613; x_wconf 85' lang='lat' dir='ltr'>cur</span> <span class='ocrx_word' id='word_1_35' title='bbox 927 570 1233 612; x_wconf 82' lang='lat' dir='ltr'>Omnicreantis</span> 
     </span>
     <span class='ocr_line' id='line_1_7' title="bbox 241 638 1205 692; baseline -0.004 -12"><span class='ocrx_word' id='word_1_36' title='bbox 241 639 305 681; x_wconf 87' lang='lat' dir='ltr'>Ad</span> <span class='ocrx_word' id='word_1_37' title='bbox 336 640 546 692; x_wconf 79' lang='lat' dir='ltr'>specimen</span> <span class='ocrx_word' id='word_1_38' title='bbox 575 639 710 680; x_wconf 82' lang='lat' dir='ltr'>factus</span> <span class='ocrx_word' id='word_1_39' title='bbox 742 639 795 679; x_wconf 85' lang='lat' dir='ltr'>sit</span> <span class='ocrx_word' id='word_1_40' title='bbox 828 639 1040 690; x_wconf 83' lang='lat' dir='ltr'>pretiosus</span> <span class='ocrx_word' id='word_1_41' title='bbox 1071 638 1205 679; x_wconf 88' lang='lat' dir='ltr'>homo.</span> 
     </span>
    </p>

    <p class='ocr_par' dir='ltr' id='par_1_5' title="bbox 187 702 1442 823">
     <span class='ocr_line' id='line_1_8' title="bbox 187 702 1387 755; baseline -0.002 -9"><span class='ocrx_word' id='word_1_42' title='bbox 187 705 245 746; x_wconf 80' lang='lat' dir='ltr'>Vt</span> <span class='ocrx_word' id='word_1_43' title='bbox 274 705 460 746; x_wconf 81' lang='lat' dir='ltr'>breuiter</span> <span class='ocrx_word' id='word_1_44' title='bbox 489 704 685 755; x_wconf 70' lang='lat' dir='ltr'>referam,</span> <span class='ocrx_word' id='word_1_45' title='bbox 719 708 761 745; x_wconf 87' lang='lat' dir='ltr'>te</span> <span class='ocrx_word' id='word_1_46' title='bbox 789 708 938 746; x_wconf 80' lang='lat' dir='ltr'>cuncto</span> <span class='ocrx_word' id='word_1_47' title='bbox 969 707 1191 745; x_wconf 83' lang='lat' dir='ltr'>stemmate</span> <span class='ocrx_word' id='word_1_48' title='bbox 1217 702 1387 755; x_wconf 82' lang='lat' dir='ltr'>compsit</span> 
     </span>
     <span class='ocr_line' id='line_1_9' title="bbox 242 769 1442 823; baseline 0.001 -12"><span class='ocrx_word' id='word_1_49' title='bbox 242 769 396 823; x_wconf 80' lang='lat' dir='ltr'>Sophia</span> <span class='ocrx_word' id='word_1_50' title='bbox 426 769 660 822; x_wconf 75' lang='lat' dir='ltr'>praeclaro,</span> <span class='ocrx_word' id='word_1_51' title='bbox 690 770 826 810; x_wconf 88' lang='lat' dir='ltr'>uirtus</span> <span class='ocrx_word' id='word_1_52' title='bbox 857 773 898 810; x_wconf 85' lang='lat' dir='ltr'>et</span> <span class='ocrx_word' id='word_1_53' title='bbox 928 769 1041 810; x_wconf 79' lang='lat' dir='ltr'>auxit</span> <span class='ocrx_word' id='word_1_54' title='bbox 1074 781 1160 821; x_wconf 87' lang='lat' dir='ltr'>ope.</span> <span class='ocrx_word' id='word_1_55' title='bbox 1402 779 1442 812; x_wconf 80' lang='lat'>:20</span> 
     </span>
    </p>

    <p class='ocr_par' dir='ltr' id='par_1_6' title="bbox 186 835 1250 954">
     <span class='ocr_line' id='line_1_10' title="bbox 186 835 1250 888; baseline -0.004 -10"><span class='ocrx_word' id='word_1_56' title='bbox 186 836 310 878; x_wconf 84' lang='lat' dir='ltr'>Cedit</span> <span class='ocrx_word' id='word_1_57' title='bbox 339 848 518 888; x_wconf 88' lang='lat' dir='ltr'>namque</span> <span class='ocrx_word' id='word_1_58' title='bbox 549 835 626 876; x_wconf 80' lang='lat' dir='ltr'>tibi</span> <span class='ocrx_word' id='word_1_59' title='bbox 655 836 888 888; x_wconf 73' lang='lat' dir='ltr'>priscorum</span> <span class='ocrx_word' id='word_1_60' title='bbox 920 835 1054 887; x_wconf 77' lang='lat' dir='ltr'>gloria</span> <span class='ocrx_word' id='word_1_61' title='bbox 1084 846 1250 886; x_wconf 69' lang='lat' dir='ltr'>regum7</span> 
     </span>
     <span class='ocr_line' id='line_1_11' title="bbox 242 901 1215 954; baseline -0.003 -11"><span class='ocrx_word' id='word_1_62' title='bbox 242 902 376 954; x_wconf 80' lang='lat' dir='ltr'>Regia</span> <span class='ocrx_word' id='word_1_63' title='bbox 407 914 514 943; x_wconf 79' lang='lat' dir='ltr'>nunc</span> <span class='ocrx_word' id='word_1_64' title='bbox 545 902 713 942; x_wconf 84' lang='lat' dir='ltr'>nouitas</span> <span class='ocrx_word' id='word_1_65' title='bbox 743 901 894 942; x_wconf 77' lang='lat' dir='ltr'>extulit</span> <span class='ocrx_word' id='word_1_66' title='bbox 924 904 1045 941; x_wconf 76' lang='lat' dir='ltr'>aucta</span> <span class='ocrx_word' id='word_1_67' title='bbox 1077 903 1215 953; x_wconf 80' lang='lat' dir='ltr'>caput.</span> 
     </span>
    </p>

    <p class='ocr_par' dir='ltr' id='par_1_7' title="bbox 186 965 1301 1086">
     <span class='ocr_line' id='line_1_12' title="bbox 186 965 1301 1020; baseline -0.002 -11"><span class='ocrx_word' id='word_1_68' title='bbox 186 968 308 1009; x_wconf 83' lang='lat' dir='ltr'>India</span> <span class='ocrx_word' id='word_1_69' title='bbox 338 980 441 1020; x_wconf 87' lang='lat' dir='ltr'>quos</span> <span class='ocrx_word' id='word_1_70' title='bbox 470 968 662 1017; x_wconf 80' lang='lat' dir='ltr'>tremuit,</span> <span class='ocrx_word' id='word_1_71' title='bbox 694 967 873 1008; x_wconf 80' lang='lat' dir='ltr'>seruiuit</span> <span class='ocrx_word' id='word_1_72' title='bbox 905 971 947 1007; x_wconf 84' lang='lat' dir='ltr'>et</span> <span class='ocrx_word' id='word_1_73' title='bbox 977 967 1123 1007; x_wconf 79' lang='lat' dir='ltr'>ultima</span> <span class='ocrx_word' id='word_1_74' title='bbox 1155 965 1301 1018; x_wconf 70' lang='lat' dir='ltr'>Thyle,</span> 
     </span>
     <span class='ocr_line' id='line_1_13' title="bbox 241 1032 1095 1086; baseline -0.004 -11"><span class='ocrx_word' id='word_1_75' title='bbox 241 1033 326 1075; x_wconf 87' lang='lat' dir='ltr'>Nos</span> <span class='ocrx_word' id='word_1_76' title='bbox 357 1046 530 1086; x_wconf 89' lang='lat' dir='ltr'>superas</span> <span class='ocrx_word' id='word_1_77' title='bbox 562 1034 753 1086; x_wconf 79' lang='lat' dir='ltr'>equidem</span> <span class='ocrx_word' id='word_1_78' title='bbox 783 1032 985 1084; x_wconf 76' lang='lat' dir='ltr'>religione</span> <span class='ocrx_word' id='word_1_79' title='bbox 1015 1033 1095 1084; x_wconf 89' lang='lat' dir='ltr'>pia.</span> 
     </span>
    </p>

    <p class='ocr_par' dir='ltr' id='par_1_8' title="bbox 185 1093 1442 1217">
     <span class='ocr_line' id='line_1_14' title="bbox 185 1093 1442 1150; baseline -0.001 -9"><span class='ocrx_word' id='word_1_80' title='bbox 185 1099 349 1142; x_wconf 85' lang='lat' dir='ltr'>Perfida</span> <span class='ocrx_word' id='word_1_81' title='bbox 379 1099 484 1141; x_wconf 83' lang='lat' dir='ltr'>colla</span> <span class='ocrx_word' id='word_1_82' title='bbox 514 1093 592 1141; x_wconf 88' lang='lat' dir='ltr'>tibi</span> <span class='ocrx_word' id='word_1_83' title='bbox 620 1099 839 1141; x_wconf 80' lang='lat' dir='ltr'>flectentur</span> <span class='ocrx_word' id='word_1_84' title='bbox 868 1100 975 1149; x_wconf 78' lang='lat' dir='ltr'>iure,</span> <span class='ocrx_word' id='word_1_85' title='bbox 1009 1097 1178 1150; x_wconf 75' lang='lat' dir='ltr'>superbi</span> <span class='ocrx_word' id='word_1_86' title='bbox 1401 1109 1442 1141; x_wconf 71' lang='lat'>25</span> 
     </span>
     <span class='ocr_line' id='line_1_15' title="bbox 242 1163 1183 1217; baseline -0.004 -10"><span class='ocrx_word' id='word_1_87' title='bbox 242 1166 361 1207; x_wconf 86' lang='lat' dir='ltr'>Mens</span> <span class='ocrx_word' id='word_1_88' title='bbox 391 1165 559 1207; x_wconf 89' lang='lat' dir='ltr'>humilis</span> <span class='ocrx_word' id='word_1_89' title='bbox 591 1166 741 1207; x_wconf 75' lang='lat' dir='ltr'>subdet,</span> <span class='ocrx_word' id='word_1_90' title='bbox 772 1164 932 1217; x_wconf 80' lang='lat' dir='ltr'>perfida,</span> <span class='ocrx_word' id='word_1_91' title='bbox 963 1163 1066 1205; x_wconf 84' lang='lat' dir='ltr'>colla</span> <span class='ocrx_word' id='word_1_92' title='bbox 1097 1163 1183 1204; x_wconf 85' lang='lat' dir='ltr'>tibi.</span> 
     </span>
    </p>

    <p class='ocr_par' dir='ltr' id='par_1_9' title="bbox 187 1228 1256 1349">
     <span class='ocr_line' id='line_1_16' title="bbox 187 1228 1256 1284; baseline -0.003 -12"><span class='ocrx_word' id='word_1_93' title='bbox 187 1231 270 1283; x_wconf 80' lang='lat' dir='ltr'>En⁷</span> <span class='ocrx_word' id='word_1_94' title='bbox 303 1233 374 1284; x_wconf 90' lang='lat' dir='ltr'>qui</span> <span class='ocrx_word' id='word_1_95' title='bbox 403 1243 476 1272; x_wconf 79' lang='lat' dir='ltr'>rex</span> <span class='ocrx_word' id='word_1_96' title='bbox 506 1232 661 1284; x_wconf 77' lang='lat' dir='ltr'>iugiter</span> <span class='ocrx_word' id='word_1_97' title='bbox 691 1230 906 1272; x_wconf 84' lang='lat' dir='ltr'>meditaris</span> <span class='ocrx_word' id='word_1_98' title='bbox 937 1230 1030 1270; x_wconf 88' lang='lat' dir='ltr'>iura</span> <span class='ocrx_word' id='word_1_99' title='bbox 1060 1228 1256 1281; x_wconf 73' lang='lat' dir='ltr'>Sophiae,</span> 
     </span>
     <span class='ocr_line' id='line_1_17' title="bbox 242 1296 1183 1349; baseline -0.004 -10"><span class='ocrx_word' id='word_1_100' title='bbox 242 1297 360 1347; x_wconf 84' lang='lat' dir='ltr'>Quae</span> <span class='ocrx_word' id='word_1_101' title='bbox 393 1298 551 1339; x_wconf 83' lang='lat' dir='ltr'>uirtute</span> <span class='ocrx_word' id='word_1_102' title='bbox 581 1310 655 1339; x_wconf 89' lang='lat' dir='ltr'>sua</span> <span class='ocrx_word' id='word_1_103' title='bbox 686 1297 863 1349; x_wconf 84' lang='lat' dir='ltr'>reproba</span> <span class='ocrx_word' id='word_1_104' title='bbox 894 1296 999 1337; x_wconf 81' lang='lat' dir='ltr'>colla</span> <span class='ocrx_word' id='word_1_105' title='bbox 1030 1296 1183 1336; x_wconf 83' lang='lat' dir='ltr'>domat.</span> 
     </span>
    </p>

    <p class='ocr_par' dir='ltr' id='par_1_10' title="bbox 188 1361 1444 1482">
     <span class='ocr_line' id='line_1_18' title="bbox 188 1361 1325 1415; baseline -0.003 -11"><span class='ocrx_word' id='word_1_106' title='bbox 188 1363 295 1405; x_wconf 76' lang='lat' dir='ltr'>Nam</span> <span class='ocrx_word' id='word_1_107' title='bbox 327 1364 535 1415; x_wconf 83' lang='lat' dir='ltr'>scriptura</span> <span class='ocrx_word' id='word_1_108' title='bbox 566 1363 714 1414; x_wconf 78' lang='lat' dir='ltr'>refert,</span> <span class='ocrx_word' id='word_1_109' title='bbox 746 1362 852 1403; x_wconf 78' lang='lat' dir='ltr'>hane</span> <span class='ocrx_word' id='word_1_110' title='bbox 884 1361 1084 1403; x_wconf 77' lang='lat' dir='ltr'>excidisse</span> <span class='ocrx_word' id='word_1_111' title='bbox 1116 1361 1325 1402; x_wconf 82' lang='lat' dir='ltr'>columnas</span> 
     </span>
     <span class='ocr_line' id='line_1_19' title="bbox 244 1427 1444 1482; baseline -0.001 -12"><span class='ocrx_word' id='word_1_112' title='bbox 244 1429 413 1482; x_wconf 81' lang='lat' dir='ltr'>Septem</span> <span class='ocrx_word' id='word_1_113' title='bbox 444 1430 693 1481; x_wconf 79' lang='lat' dir='ltr'>praecipuas</span> <span class='ocrx_word' id='word_1_114' title='bbox 723 1432 766 1469; x_wconf 83' lang='lat' dir='ltr'>et</span> <span class='ocrx_word' id='word_1_115' title='bbox 798 1428 997 1469; x_wconf 77' lang='lat' dir='ltr'>statuisse</span> <span class='ocrx_word' id='word_1_116' title='bbox 1027 1427 1206 1468; x_wconf 89' lang='grc'><strong>(1011111111.</strong></span> <span class='ocrx_word' id='word_1_117' title='bbox 1403 1438 1444 1469; x_wconf 66' lang='grc'><strong>30</strong></span> 
     </span>
    </p>

    <p class='ocr_par' dir='ltr' id='par_1_11' title="bbox 188 1494 1165 1614">
     <span class='ocr_line' id='line_1_20' title="bbox 188 1494 1165 1546; baseline -0.003 -10"><span class='ocrx_word' id='word_1_118' title='bbox 188 1494 382 1536; x_wconf 80' lang='lat' dir='ltr'>Subdidit</span> <span class='ocrx_word' id='word_1_119' title='bbox 412 1494 573 1536; x_wconf 86' lang='lat' dir='ltr'>interea.</span> <span class='ocrx_word' id='word_1_120' title='bbox 602 1495 757 1546; x_wconf 76' lang='lat' dir='ltr'>rigidos</span> <span class='ocrx_word' id='word_1_121' title='bbox 788 1495 934 1546; x_wconf 78' lang='lat' dir='ltr'>regina</span> <span class='ocrx_word' id='word_1_122' title='bbox 964 1498 1165 1545; x_wconf 69' lang='lat' dir='ltr'>tyrannos</span> 
     </span>
     <span class='ocr_line' id='line_1_21' title="bbox 243 1561 1133 1614; baseline -0.003 -11"><span class='ocrx_word' id='word_1_123' title='bbox 243 1561 444 1614; x_wconf 86' lang='lat' dir='ltr'>Collaque</span> <span class='ocrx_word' id='word_1_124' title='bbox 474 1562 655 1603; x_wconf 84' lang='lat' dir='ltr'>calcauit</span> <span class='ocrx_word' id='word_1_125' title='bbox 686 1561 846 1603; x_wconf 83' lang='lat' dir='ltr'>uiribus</span> <span class='ocrx_word' id='word_1_126' title='bbox 877 1565 1002 1602; x_wconf 78' lang='lat' dir='ltr'>ancta</span> <span class='ocrx_word' id='word_1_127' title='bbox 1033 1561 1133 1601; x_wconf 86' lang='lat' dir='ltr'>suis.</span> 
     </span>
    </p>

    <p class='ocr_par' dir='ltr' id='par_1_12' title="bbox 188 1626 1409 1746">
     <span class='ocr_line' id='line_1_22' title="bbox 188 1626 1409 1680; baseline -0.002 -12"><span class='ocrx_word' id='word_1_128' title='bbox 188 1627 319 1679; x_wconf 82' lang='lat' dir='ltr'>Haeo,</span> <span class='ocrx_word' id='word_1_129' title='bbox 354 1639 460 1680; x_wconf 86' lang='lat' dir='ltr'>quae</span> <span class='ocrx_word' id='word_1_130' title='bbox 490 1628 728 1679; x_wconf 79' lang='lat' dir='ltr'>permagnis</span> <span class='ocrx_word' id='word_1_131' title='bbox 758 1631 800 1668; x_wconf 81' lang='lat' dir='ltr'>te</span> <span class='ocrx_word' id='word_1_132' title='bbox 830 1626 1015 1679; x_wconf 79' lang='lat' dir='ltr'>praefert</span> <span class='ocrx_word' id='word_1_133' title='bbox 1043 1626 1208 1667; x_wconf 84' lang='lat' dir='ltr'>dotibus</span> <span class='ocrx_word' id='word_1_134' title='bbox 1239 1630 1409 1667; x_wconf 84' lang='lat' dir='ltr'>auctum</span> 
     </span>
     <span class='ocr_line' id='line_1_23' title="bbox 242 1692 1287 1746; baseline -0.002 -12"><span class='ocrx_word' id='word_1_135' title='bbox 242 1693 380 1746; x_wconf 85' lang='lat' dir='ltr'>Atque</span> <span class='ocrx_word' id='word_1_136' title='bbox 412 1694 560 1746; x_wconf 85' lang='lat' dir='ltr'>opibus</span> <span class='ocrx_word' id='word_1_137' title='bbox 590 1694 769 1746; x_wconf 84' lang='lat' dir='ltr'>propriis</span> <span class='ocrx_word' id='word_1_138' title='bbox 800 1694 943 1735; x_wconf 83' lang='lat' dir='ltr'>inclita</span> <span class='ocrx_word' id='word_1_139' title='bbox 975 1693 1127 1745; x_wconf 85' lang='lat' dir='ltr'>quippe</span> <span class='ocrx_word' id='word_1_140' title='bbox 1157 1692 1287 1742; x_wconf 79' lang='lat' dir='ltr'>fouet,</span> 
     </span>
    </p>

    <p class='ocr_par' dir='ltr' id='par_1_13' title="bbox 189 1757 1444 1877">
     <span class='ocr_line' id='line_1_24' title="bbox 189 1757 1444 1812; baseline 0 -11"><span class='ocrx_word' id='word_1_141' title='bbox 189 1759 303 1801; x_wconf 82' lang='lat' dir='ltr'>Haeo</span> <span class='ocrx_word' id='word_1_142' title='bbox 331 1760 520 1812; x_wconf 83' lang='lat' dir='ltr'>regimen</span> <span class='ocrx_word' id='word_1_143' title='bbox 552 1772 756 1800; x_wconf 89' lang='lat' dir='ltr'>summum</span> <span class='ocrx_word' id='word_1_144' title='bbox 788 1759 948 1800; x_wconf 84' lang='lat' dir='ltr'>tribuet</span> <span class='ocrx_word' id='word_1_145' title='bbox 977 1758 1182 1811; x_wconf 84' lang='lat' dir='ltr'>sapientia</span> <span class='ocrx_word' id='word_1_146' title='bbox 1212 1757 1331 1799; x_wconf 86' lang='lat' dir='ltr'>uobis</span> <span class='ocrx_word' id='word_1_147' title='bbox 1403 1768 1444 1801; x_wconf 77' lang='lat'>35</span> 
     </span>
     <span class='ocr_line' id='line_1_25' title="bbox 243 1824 1096 1877; baseline -0.002 -11"><span class='ocrx_word' id='word_1_148' title='bbox 243 1825 381 1877; x_wconf 86' lang='lat' dir='ltr'>Atque</span> <span class='ocrx_word' id='word_1_149' title='bbox 412 1826 499 1866; x_wconf 86' lang='lat' dir='ltr'>suis</span> <span class='ocrx_word' id='word_1_150' title='bbox 529 1825 655 1867; x_wconf 73' lang='lat' dir='ltr'>faciet</span> <span class='ocrx_word' id='word_1_151' title='bbox 687 1825 852 1866; x_wconf 83' lang='lat' dir='ltr'>sedibus</span> <span class='ocrx_word' id='word_1_152' title='bbox 883 1825 972 1877; x_wconf 86' lang='lat' dir='ltr'>ipsa</span> <span class='ocrx_word' id='word_1_153' title='bbox 1003 1824 1096 1865; x_wconf 85' lang='lat' dir='ltr'>frui.</span> 
     </span>
    </p>
   </div>
   <div class='ocr_carea' id='block_1_3' title="bbox 136 1915 396 1919">
    <p class='ocr_par' dir='ltr' id='par_1_14' title="bbox 136 1915 396 1919">
     <span class='ocr_line' id='line_1_26' title="bbox 136 1915 396 1919; baseline 0 0"><span class='ocrx_word' id='word_1_154' title='bbox 136 1915 396 1919; x_wconf 95' lang='lat' dir='ltr'> </span> 
     </span>
    </p>
   </div>
   <div class='ocr_carea' id='block_1_4' title="bbox 135 1955 1446 2165">
    <p class='ocr_par' dir='ltr' id='par_1_15' title="bbox 135 1955 1446 2165">
     <span class='ocr_line' id='line_1_27' title="bbox 222 1955 1444 1999; baseline -0.003 -8"><span class='ocrx_word' id='word_1_155' title='bbox 222 1958 264 1991; x_wconf 90' lang='lat' dir='ltr'>V.</span> <span class='ocrx_word' id='word_1_156' title='bbox 285 1959 323 1991; x_wconf 83' lang='lat'>13</span> <span class='ocrx_word' id='word_1_157' title='bbox 348 1958 382 1991; x_wconf 88' lang='lat' dir='ltr'>N</span> <span class='ocrx_word' id='word_1_158' title='bbox 398 1984 404 1990; x_wconf 95' lang='lat'>.</span> <span class='ocrx_word' id='word_1_159' title='bbox 419 1984 425 1990; x_wconf 90' lang='lat'>.</span> <span class='ocrx_word' id='word_1_160' title='bbox 444 1984 449 1990; x_wconf 97' lang='lat'>.</span> <span class='ocrx_word' id='word_1_161' title='bbox 465 1984 471 1991; x_wconf 95' lang='lat'><strong>.</strong></span> <span class='ocrx_word' id='word_1_162' title='bbox 487 1985 492 1990; x_wconf 97' lang='lat'>.</span> <span class='ocrx_word' id='word_1_163' title='bbox 518 1958 557 1990; x_wconf 70' lang='lat' dir='ltr'>iu</span> <span class='ocrx_word' id='word_1_164' title='bbox 573 1957 690 1991; x_wconf 74' lang='lat' dir='ltr'>codice</span> <span class='ocrx_word' id='word_1_165' title='bbox 707 1957 859 1990; x_wconf 67' lang='lat' dir='ltr'>habetur</span> <span class='ocrx_word' id='word_1_166' title='bbox 878 1957 1056 1999; x_wconf 73' lang='lat' dir='ltr'>foramine</span> <span class='ocrx_word' id='word_1_167' title='bbox 1074 1956 1250 1989; x_wconf 62' lang='lat' dir='ltr'>tinearum</span> <span class='ocrx_word' id='word_1_168' title='bbox 1270 1955 1444 1996; x_wconf 69' lang='lat' dir='ltr'>maleficio</span> 
     </span>
     <span class='ocr_line' id='line_1_28' title="bbox 135 2009 1446 2056; baseline -0.003 -11"><span class='ocrx_word' id='word_1_169' title='bbox 135 2012 173 2046; x_wconf 73' lang='lat' dir='ltr'>id</span> <span class='ocrx_word' id='word_1_170' title='bbox 191 2011 285 2056; x_wconf 76' lang='lat' dir='ltr'>quod</span> <span class='ocrx_word' id='word_1_171' title='bbox 310 2013 484 2055; x_wconf 72' lang='lat' dir='ltr'>scriptum</span> <span class='ocrx_word' id='word_1_172' title='bbox 507 2012 627 2054; x_wconf 73' lang='lat' dir='ltr'>fuerat</span> <span class='ocrx_word' id='word_1_173' title='bbox 651 2011 921 2052; x_wconf 65' lang='lat' dir='ltr'>intercludente,</span> <span class='ocrx_word' id='word_1_174' title='bbox 939 2012 981 2053; x_wconf 78' lang='lat' dir='ltr'>cf.</span> <span class='ocrx_word' id='word_1_175' title='bbox 998 2022 1027 2044; x_wconf 63' lang='lat' dir='ltr'>r.</span> <span class='ocrx_word' id='word_1_176' title='bbox 1047 2014 1086 2043; x_wconf 82' lang='grc'>17</span> <span class='ocrx_word' id='word_1_177' title='bbox 1124 2010 1262 2053; x_wconf 84' lang='lat' dir='ltr'>orbem]</span> <span class='ocrx_word' id='word_1_178' title='bbox 1288 2009 1446 2053; x_wconf 68' lang='lat' dir='ltr'>marqz&#39;m&#39;</span> 
     </span>
     <span class='ocr_line' id='line_1_29' title="bbox 136 2064 1442 2110; baseline -0.002 -10"><span class='ocrx_word' id='word_1_179' title='bbox 136 2066 356 2110; x_wconf 74' lang='lat' dir='ltr'>adscriptmn</span> <span class='ocrx_word' id='word_1_180' title='bbox 381 2066 439 2100; x_wconf 91' lang='grc'><strong>1101</strong></span> <span class='ocrx_word' id='word_1_181' title='bbox 463 2068 569 2101; x_wconf 74' lang='lat' dir='ltr'>astra.</span> <span class='ocrx_word' id='word_1_182' title='bbox 595 2067 634 2100; x_wconf 80' lang='grc'>’14</span> <span class='ocrx_word' id='word_1_183' title='bbox 659 2066 824 2109; x_wconf 82' lang='lat' dir='ltr'>flamina]</span> <span class='ocrx_word' id='word_1_184' title='bbox 850 2076 1030 2109; x_wconf 77' lang='lat' dir='ltr'>suprascr.</span> <span class='ocrx_word' id='word_1_185' title='bbox 1045 2065 1102 2099; x_wconf 86' lang='lat' dir='ltr'>uel</span> <span class='ocrx_word' id='word_1_186' title='bbox 1127 2065 1277 2099; x_wconf 84' lang='lat' dir='ltr'>fiumina</span> <span class='ocrx_word' id='word_1_187' title='bbox 1320 2064 1442 2107; x_wconf 82' lang='lat' dir='ltr'>maris]</span> 
     </span>
     <span class='ocr_line' id='line_1_30' title="bbox 136 2120 1304 2165; baseline -0.002 -10"><span class='ocrx_word' id='word_1_188' title='bbox 136 2131 314 2165; x_wconf 75' lang='lat' dir='ltr'>suprascr.</span> <span class='ocrx_word' id='word_1_189' title='bbox 340 2122 399 2156; x_wconf 87' lang='grc'><strong>1101</strong></span> <span class='ocrx_word' id='word_1_190' title='bbox 423 2133 441 2156; x_wconf 92' lang='grc'><strong>0</strong></span> <span class='ocrx_word' id='word_1_191' title='bbox 459 2137 500 2150; x_wconf 85' lang='lat'><strong><em>=</em></strong></span> <span class='ocrx_word' id='word_1_192' title='bbox 524 2132 632 2156; x_wconf 81' lang='lat' dir='ltr'>mare.</span> <span class='ocrx_word' id='word_1_193' title='bbox 658 2123 698 2155; x_wconf 60' lang='lat'>*29</span> <span class='ocrx_word' id='word_1_194' title='bbox 723 2122 903 2165; x_wconf 73' lang='lat' dir='ltr'>scriptura</span> <span class='ocrx_word' id='word_1_195' title='bbox 928 2128 942 2142; x_wconf 67' lang='lat' dir='ltr'>ss</span> <span class='ocrx_word' id='word_1_196' title='bbox 966 2121 1085 2154; x_wconf 88' lang='lat' dir='ltr'>refert.</span> <span class='ocrx_word' id='word_1_197' title='bbox 1110 2120 1151 2154; x_wconf 74' lang='lat'>34</span> <span class='ocrx_word' id='word_1_198' title='bbox 1175 2120 1304 2154; x_wconf 79' lang='lat' dir='ltr'>indita.</span> 
     </span>
    </p>
   </div>
  </div>
 </body>
</html>
