1643 2574
614 160 675 193 DE
700 158 909 195 CHRJSTO.

269 273 333 315 Sit
363 272 438 314 deo
468 274 610 313 nostro
641 270 765 310 decus
797 273 838 310 et
867 272 1068 321 potestas⁷

268 339 333 381 Sit
362 337 474 380 salus
504 347 667 389 perpes,
699 336 754 376 sit
784 335 916 376 honor
946 333 1152 386 perennis,

274 404 355 455 Qui
384 403 469 456 poli
499 414 662 444 sumnia
691 401 849 442 residet
880 401 919 441 in
952 412 1060 450 aree,

325 469 476 511 Trinus
506 472 548 510 et
578 468 697 509 imus.

695 727 827 769 XXV.

595 832 724 886 ΙΤΕΜ
759 831 933 885 mvl).

437 965 507 1006 Fit
536 967 656 1017 porta
687 963 846 1005 Christi
876 961 1036 1014 peruia,

385 1031 556 1073 Referta
584 1030 707 1082 plena
737 1028 889 1081 gratia,

385 1096 638 1148 Transitque
668 1107 740 1136 rex
771 1098 813 1135 et
842 1096 1074 1146 permanet,

388 1163 539 1204 Clausa
570 1165 614 1202 at
645 1160 725 1201 fuit
755 1172 830 1212 per
861 1159 1037 1200 saecula.

440 1276 582 1317 Genus
613 1274 782 1327 superni
813 1273 994 1315 nominis

386 1342 593 1384 Processit
622 1340 719 1381 aula
749 1339 939 1392 uirginis⁷

388 1409 586 1461 Sponsus7
616 1407 868 1458 redemptor,
895 1405 1097 1455 eonditor,

387 1475 494 1517 Suae
525 1474 672 1526 gigans
703 1472 914 1514 ecclesiae.

440 1590 584 1632 Honor
614 1589 760 1630 matris
792 1592 834 1630 et
865 1587 1081 1640 gaudium,

387 1657 592 1697 Immensa
622 1667 715 1707 spes
746 1654 1004 1696 credentium

387 1722 467 1764 Per
497 1725 614 1763 atrae
646 1721 792 1762 mortis
822 1720 973 1773 poeula

388 1787 579 1829 Resoluit
608 1790 752 1828 nostra
782 1787 968 1828 crimina.

444 1902 531 1944 Deo
562 1903 671 1955 patri
701 1902 757 1943 sit
788 1901 920 1954 gloria

389 1968 574 2020 Eiusque
604 1969 681 2009 soli
711 1966 795 2008 filio

390 2033 493 2075 Cum
524 2034 674 2086 spiritu
703 2033 917 2086 paracleto

390 2099 446 2142 Et
474 2112 583 2141 nune
612 2103 655 2141 et
684 2100 726 2141 in
756 2102 1018 2152 perpetuum.

206 2232 247 2266 V.
273 2233 315 2265 20
338 2231 446 2275 imus]
471 2230 638 2264 additum
661 2241 779 2265 amen.

205 2286 315 2320 XXV.
341 2286 423 2320 God.
449 2285 558 2319 Rern.
583 2288 647 2318 455
671 2295 696 2318 s.
726 2284 766 2317 X
786 2285 812 2327 f.
837 2285 901 2317 2b:
926 2283 1040 2318 ITEM
1067 2283 1224 2318 ALIVM.

207 2340 248 2373 V.
276 2340 315 2374 15
339 2340 525 2384 paraclito.
563 2340 603 2373 16
627 2339 859 2384 perpetuum]
884 2338 1048 2373 additum
1074 2349 1191 2373 amen.
