1643 2574
214 177 289 215 172
603 181 822 217 CARMINA
846 180 982 215 MEDII
1005 181 1126 216 AEVJ.

266 294 430 336 Decidit
460 294 504 334 in
533 296 666 335 terras
697 305 720 333 a
751 292 862 333 caelo
892 295 1040 344 coepta
1070 291 1259 333 simultas

210 371 230 403 5
267 360 355 401 Neo
384 364 484 401 nato
516 358 678 401 Semele
708 370 782 399 nee
811 357 960 399 desunt
990 360 1126 398 eastra
1155 357 1382 398 Mineruae.

269 425 386 475 Quae
417 426 585 467 diuersa.
615 424 733 476 sequi
764 435 829 464 res
860 426 924 464 est
954 434 1034 464 non
1063 423 1257 474 ponderis
1287 422 1420 474 aequi.

268 491 413 531 Altera
435 491 610 542 quisque
631 488 800 542 probus,
831 492 875 528 at
895 489 1006 529 iners
1026 489 1131 540 petit
1153 487 1284 529 altera
1303 486 1468 539 uulgus,

267 556 344 597 Illa
373 556 598 608 uoluptati,
629 558 727 597 sunt
756 555 839 596 ista
868 554 1008 595 dicata
1037 553 1181 594 labori.

269 621 416 662 Plures
445 626 542 663 sunt
572 622 715 673 igitur,
746 620 817 672 qui
847 619 1049 661 Bacchica
1078 623 1215 660 eastra
1244 621 1428 668 tuentur,

216 687 359 731 loHoc
403 690 492 728 est:
539 687 637 727 uina
681 686 857 738 liquant,
902 697 1025 737 quam
1069 685 1139 736 qui
1184 696 1258 736 pro
1301 683 1470 725 Pallade

1269 753 1469 802 pugnant

270 817 390 859 Unde
420 817 521 858 nihil
553 820 718 862 mirum,
755 817 789 857 si
819 815 934 869 plebs
964 815 1106 856 fremit
1136 815 1249 856 ebria
1280 815 1415 856 dirum

269 884 315 924 In
344 883 423 925 sibi
453 883 675 924 dissimiles
704 887 798 924 rata
830 894 904 923 nos
935 881 1141 922 uilissima
1171 881 1288 922 uiles.

831 1072 916 1114 CII.

254 1172 717 1228 Cfflnmxlrofflviu
755 1170 1086 1224 {xvsscrlvvll
1124 1170 1190 1222 An
1231 1168 1493 1222 osssssssos

715 1259 765 1312 ΙΝ
814 1258 1036 1312 CASTRO.

275 1360 318 1401 Si
348 1360 501 1401 circum
533 1359 642 1400 circa
671 1360 846 1410 surgant
875 1356 1118 1397 admantina
1140 1355 1335 1400 claustra,

274 1426 316 1467 Si
346 1426 489 1466 nouies
521 1424 641 1465 solidi
672 1422 912 1464 circumflua
942 1422 1092 1463 robora
1118 1421 1225 1462 muri

275 1490 494 1531 Fumificet
524 1489 675 1542 uapido
707 1488 929 1530 conflatilis
959 1489 1071 1529 unda
1099 1487 1281 1537 metallo,

275 1557 317 1599 Si
348 1556 467 1597 cubet
501 1557 541 1596 in
573 1556 704 1608 portis
735 1559 777 1596 et
807 1555 937 1595 cauda
966 1554 1063 1594 nixa
1095 1554 1285 1594 draconis

241 1623 431 1674 5R11giat
461 1620 664 1671 igniferae
696 1621 890 1662 deformis
919 1620 1051 1661 forma
1080 1619 1322 1661 Chimaerae
1352 1642 1417 1668 -‚

278 1688 362 1729 Vos
392 1692 548 1738 tamen,
580 1688 773 1737 infames,
805 1687 913 1727 acies
944 1685 1165 1736 homicida,
1198 1685 1395 1726 dracones

275 1753 533 1806 Supplicium
564 1753 731 1795 sceleris
762 1752 1000 1794 nullatenus
1030 1751 1255 1801 effugietis!

276 1819 369 1860 Non
401 1820 499 1871 quia
529 1818 740 1859 terribiles
770 1822 982 1859 tormenta
1011 1816 1227 1858 tremenda
1255 1815 1438 1867 fragores

275 1884 455 1925 Molibus
488 1885 723 1936 impingant
754 1888 795 1925 et
826 1884 971 1935 uirgea
1000 1887 1116 1924 texta
1145 1881 1393 1933 refringant,

226 1950 362 1994 loNee
391 1950 489 2001 quia
519 1949 771 2002 multiplices
803 1949 1030 2001 importent
1059 1947 1244 1999 undique
1265 1950 1420 1987 mortes

310 2092 350 2125 V.
367 2094 388 2125 4
405 2091 481 2126 celo
499 2094 615 2135 cepta.
662 2093 680 2124 5
698 2090 850 2133 Semele]
877 2090 956 2123 Hoc
968 2100 1039 2133 pro
1055 2089 1211 2122 ahlatz'ro
1244 2087 1529 2131 intellefyendum,

222 2150 262 2180 ut
294 2146 536 2190 Veryz'liamcm
563 2145 673 2179 illud:
722 2148 807 2179 nate
831 2145 907 2185 dea,
939 2145 1011 2177 uisi
1041 2144 1150 2177 maris
1179 2142 1341 2177 Semelae
1370 2142 1527 2176 scribere.

223 2202 243 2235 G
260 2200 334 2242 Que
373 2200 467 2244 equi.
514 2202 533 2233 S
558 2200 768 2244 uoluptatis,
794 2212 809 2233 s
833 2199 899 2232 clel.
924 2200 943 2232 9
968 2199 1129 2232 baeheea.
1177 2198 1213 2231 11
1246 2196 1357 2231 niehil
1396 2197 1507 2240 pleps.

311 2255 383 2290 CII.
409 2254 490 2288 Cocl.
516 2255 625 2288 Rern.
652 2258 712 2287 702
737 2265 763 2287 s.
792 2253 989 2287 XI—XII
1007 2254 1033 2295 f.
1058 2254 1130 2285 2⁸¹).

313 2309 352 2342 V.
385 2310 405 2342 2
437 2310 559 2342 muroi.
607 2311 626 2341 s)
658 2309 811 2353 ignifere
857 2308 1046 2342 chimerae.
1099 2310 1118 2341 ti
1150 2306 1331 2341 homicida
1361 2305 1463 2340 {teies
1511 2304 1530 2338 8

224 2364 320 2407 Non]
354 2375 447 2397 nam.
