1643 2574
211 163 261 203 36
603 169 662 205 CA
668 169 822 203 RMINA
850 169 986 204 MEDII
1010 168 1133 204 AEVI.

209 358 251 393 30
373 345 562 388 Circulos
626 378 633 385 .
695 377 702 385 .
832 376 1180 384 ......

374 411 568 463 Quinque
598 409 763 452 coluros
793 421 849 462 qu
881 442 1177 450 ........

429 476 610 518 Nomina
638 475 781 517 tradit.

374 573 659 625 Diuidensque
688 573 927 616 interstitiis
995 605 1209 615 ......
1240 576 1354 626 gnat,

377 639 612 681 Transeant
641 650 748 691 quae
778 639 898 691 signa
927 638 1122 681 locumue
1153 639 1263 692 signi

212 718 253 753 35
377 705 510 756 Quem
539 707 694 756 secent,
725 705 835 746 unde
864 705 1078 758 incipiant,
1109 704 1299 746 locentur

432 771 465 812 L
499 801 673 812 .....
704 781 770 810 am

377 902 386 911 .
420 903 427 910 .
461 903 467 911 .
500 872 565 910 tat
594 868 768 922 triginta
798 868 1002 920 simulque
1033 868 1216 921 quinque

378 935 522 988 Signa,
553 946 635 975 non
664 934 851 975 errantia
882 945 987 986 quae
1017 936 1235 984 uocantur,

377 1000 568 1042 Ambitus
599 1012 705 1052 quae
737 998 927 1052 signiferi
957 998 1130 1041 iacentis

213 1079 255 1113 40
434 1066 637 1118 Segregat
665 1065 788 1106 inter.

377 1165 542 1208 Circulo
572 1176 652 1217 quo
683 1163 749 1205 uel
781 1163 916 1216 spatio
947 1162 1134 1204 residant

379 1232 519 1283 Signa,
550 1233 780 1271 monstrato
811 1232 1067 1270 memoratur
1096 1228 1244 1269 horum

378 1297 530 1338 Exitus
560 1307 771 1347 casusque,
805 1294 955 1347 quibus
985 1293 1094 1346 quod
1124 1293 1226 1334 ortis

433 1362 608 1404 Oceidat
636 1365 812 1402 astrum.

214 1475 255 1508 45
381 1461 487 1502 Tum
517 1471 653 1501 moras
685 1465 803 1500 ortus
833 1458 1058 1509 obitusque
1087 1459 1248 1510 pensat,

376 1528 509 1569 Recta
538 1537 646 1579 quae
677 1528 976 1566 transuersaue
1005 1523 1128 1574 signa
1157 1524 1344 1574 surgant,

380 1593 517 1635 Tarda
546 1603 652 1644 quae
682 1594 795 1641 natu,
827 1590 973 1631 citiora
1003 1600 1115 1640 casu,

434 1658 570 1700 Obuia
599 1669 704 1710 quae
735 1656 831 1697 sint.

378 1758 437 1800 Ut
466 1758 579 1799 uices
609 1759 771 1798 constat
800 1755 964 1796 uariare
994 1757 1135 1795 noctes

216 1836 256 1869 50
379 1825 439 1865 Ae
470 1824 557 1865 dies
586 1822 720 1875 longis
751 1821 898 1874 spatiis
929 1819 995 1861 uel
1025 1819 1130 1860 artis

381 1890 494 1942 Lege
523 1890 749 1941 signorum,
781 1886 974 1928 duodena
1005 1884 1104 1927 solis

437 1955 554 2005 Quae
585 1958 698 1996 secat
728 1953 853 1995 orbis.

383 2054 488 2095 Tum
516 2055 709 2106 planetar
741 2083 953 2094 ......

381 2119 458 2160 Vel
487 2119 687 2172 planonta
719 2149 891 2161 .....

314 2239 352 2274 V.
376 2242 431 2280 30,
454 2242 497 2272 31
523 2249 565 2272 σω
583 2241 690 2282 parte
715 2238 830 2272 deleti.
849 2237 890 2271 33
914 2234 1139 2279 interstitiis]
1164 2234 1311 2269 intersti
1335 2234 1375 2267 in
1397 2242 1467 2267 ras.
1485 2232 1527 2267 35

220 2297 369 2331 oeentur
392 2295 431 2328 in
464 2304 536 2327 ras.
564 2294 608 2327 36
635 2319 643 2326 .
670 2320 676 2326 .
702 2321 707 2326 .
735 2319 742 2326 .
767 2292 841 2336 am]
867 2302 1050 2336 quaenam
1081 2290 1193 2333 fuisse
1222 2289 1372 2323 videtur.
1396 2288 1438 2322 35
1464 2299 1526 2322 uo-

221 2352 351 2385 cantur.
386 2350 429 2384 43
453 2349 570 2383 exitus
596 2349 634 2382 in
659 2358 730 2382 ras.
759 2350 891 2381 53-58
916 2357 959 2381 esc
978 2349 1085 2390 parte
1109 2344 1224 2379 deleti.
