1643 2574
571 164 751 199 VERSVS
776 164 983 200 ALCVINI.
1358 158 1431 197 131

174 276 264 327 Quo
295 287 471 328 granum
503 275 643 327 superi
675 275 869 316 condaris
900 275 942 315 in
972 274 1121 316 horrea
1152 275 1267 317 caeli.

174 342 233 383 Te
263 341 364 383 libet
393 341 489 382 hinc
519 344 661 382 nostro
691 341 790 382 mihi
822 341 1113 383 concelebrare
1144 341 1362 383 cothurno.

170 407 319 449 Inclite
349 408 509 459 doctor,
541 419 631 458 aue,
664 407 835 459 pietatis
864 407 997 448 fultus
1029 407 1165 449 oliuo!

174 473 266 523 Qua
288 477 329 514 te
351 473 476 515 laude
498 474 669 515 canam?
700 473 851 514 Verbis
873 473 1025 526 quibus
1046 485 1120 514 ora
1140 473 1379 515 resoluam‘?
1396 484 1435 517 15

174 539 357 581 Materia
387 539 501 580 fandi
532 539 682 580 ductus
712 539 989 591 panegyricus
1021 543 1145 580 extat.

175 606 305 659 Copia
335 608 399 647 set
427 605 565 657 potior
594 604 764 646 fastidia
793 605 969 656 grandia
999 604 1148 656 gignit?

173 671 338 723 Quique
368 671 510 723 uigere
540 671 656 722 eupit
684 670 820 711 saeclo
850 670 1071 711 laudabilis
1100 673 1206 721 aeto,

172 736 337 778 Muniat
366 737 432 777 1110
462 739 645 777 mentem
678 736 892 777 doetrinae
927 740 1136 788 spermata
1167 739 1323 787 tantae,

173 802 366 845 Conteris
397 803 509 843 unde
539 805 663 854 caput
694 801 852 842 colubri
883 801 1028 854 planta
1057 806 1179 843 tenus
1209 802 1292 843 atri
1392 813 1434 846 20

175 868 415 921 Allidisque
444 872 593 920 petrae
623 867 879 920 Babylonica
909 868 1100 919 germina
1131 868 1311 910 Christo.

172 935 363 987 Namque
380 938 475 975 tuas
496 935 669 986 longum
685 937 750 975 est
767 946 940 987 magnas
955 946 1200 986 percurrere
1216 934 1376 985 laudes,

171 1001 340 1053 Iamque
371 1012 467 1041 suos
496 1011 642 1041 cursor
671 1012 764 1040 eum
794 1000 949 1052 raptim
979 1000 1162 1052 duplicet
1191 1004 1321 1051 actus,

173 1067 396 1119 Supprimo
426 1066 546 1118 plura
576 1069 718 1106 tacens
748 1066 972 1117 praeconia
1002 1066 1128 1118 digna
1158 1066 1307 1107 relatu.

183 1132 246 1173 Tu
277 1144 454 1185 quoque,
487 1143 578 1172 cum
610 1131 716 1172 caeli
744 1131 910 1172 rimeris
940 1131 1149 1185 Dindyma
1178 1133 1292 1185 clari,
1397 1145 1438 1177 25

180 1198 386 1239 Omnibus
418 1210 461 1239 es
491 1198 641 1248 faetus,
674 1197 792 1238 iubet
820 1202 868 1238 ut
898 1197 990 1250 pius
1012 1199 1150 1239 omnia
1174 1198 1382 1239 Christus.

174 1264 279 1305 Esse
306 1266 449 1305 manet
470 1268 670 1314 nostrum,
703 1263 779 1304 sub
800 1275 882 1315 quo
905 1267 1145 1304 constanter
1166 1264 1209 1305 in
1229 1276 1382 1306 aeuum

173 1329 321 1381 Omne,
343 1330 453 1382 quod
475 1332 551 1380 est⁷
573 1329 671 1370 lieet
692 1341 739 1370 ae
760 1340 863 1381 pure
880 1329 1080 1382 quiequid
1096 1329 1184 1371 fore
1201 1330 1367 1381 gaudet,

172 1396 220 1437 Id
251 1408 395 1437 rursus
425 1396 593 1436 tristem
623 1394 718 1436 finis
749 1396 862 1447 capit
891 1395 1035 1437 indere
1067 1398 1236 1438 sortem.

173 1462 359 1503 Plurima
388 1462 648 1514 praeteriens
679 1461 851 1502 laudum
879 1461 958 1502 tibi
987 1461 1170 1513 phillara
1200 1465 1332 1513 necto7
1394 1473 1436 1506 30

174 1528 309 1578 Quem
340 1528 542 1569 claudunt
571 1527 855 1569 adamantinis
886 1528 1125 1569 sinuamina
1155 1517 1292 1570 cordis

175 1594 333 1635 Vinclis
365 1597 536 1635 aeterno
566 1596 783 1636 nectentes
815 1594 982 1635 saecula
1012 1594 1131 1635 nodo.

173 1659 208 1701 O
240 1660 399 1701 meritis
430 1659 541 1711 felix,
574 1663 637 1702 est
668 1660 733 1701 0111
763 1661 974 1713 sapientia
1004 1661 1160 1712 nutrix,

175 1727 211 1767 A
240 1738 371 1779 puero
402 1727 544 1777 uestit⁷
577 1727 726 1768 callem
757 1739 920 1780 quoque
950 1728 1126 1780 praeuia
1155 1727 1299 1779 nectit,

175 1792 303 1834 Cuius
334 1792 376 1832 in
410 1805 480 1834 ore
510 1793 577 1845 pio
609 1794 744 1835 cordis
776 1794 901 1834 simul
931 1794 973 1834 in
1004 1793 1210 1846 penetrali
1395 1804 1436 1838 35

173 1857 334 1899 Infudit
363 1857 484 1900 fiauis
516 1872 592 1900 sua
623 1872 743 1901 cerea
773 1860 898 1901 mella
928 1860 1133 1909 canistris⁷

173 1924 233 1965 Ut
262 1928 304 1966 te
334 1923 612 1976 magnificem,
642 1937 743 1977 prae
770 1926 931 1967 eunetis
952 1937 1116 1978 semper
1136 1925 1375 1976 amandum,

173 1990 345 2031 Pectore
377 1989 451 2031 sub
482 1991 599 2032 euius
629 1992 755 2032 etiam
787 1991 866 2032 sibi
896 1991 1048 2032 nobilis
1078 1991 1218 2032 aulam

176 2055 338 2097 Struxit
368 2059 410 2097 et
441 2056 592 2097 eximia
621 2057 830 2098 uirtutum
860 2057 951 2099 11100
980 2057 1142 2109 poliuit‚

178 2121 298 2163 Unde
327 2121 419 2163 fluit
448 2122 580 2174 nobis,
612 2124 684 2175 qui
712 2123 848 2176 longis
877 2123 1091 2175 iungimur
1120 2124 1218 2175 oris,
1395 2134 1437 2167 40

215 2239 259 2274 V.
295 2241 336 2274 13
381 2242 544 2276 coturno.
605 2242 644 2276 16
686 2242 936 2287 panagerious.
996 2243 1036 2276 17
1077 2244 1210 2287 pocior.
1264 2244 1305 2277 18
1344 2242 1437 2277 seclo

122 2295 213 2329 acto.
254 2296 294 2329 19
318 2296 385 2329 Hie
410 2296 562 2337 muniat,
587 2307 667 2330 cum
691 2297 903 2331 inversionis
927 2301 1022 2332 nota.
1062 2298 1102 2332 21
1130 2298 1349 2332 babiloniea.
1395 2298 1437 2331 25

123 2349 301 2384 dindima.
340 2351 381 2384 29
400 2351 510 2396 eupit,
535 2361 625 2385 corr.
643 2352 751 2396 capit.
790 2352 832 2386 25
850 2352 1091 2397 impenetrali.
1132 2353 1174 2387 37
1192 2353 1436 2397 magnificum.
