1643 2574
557 193 619 228 DE
644 194 965 230 ASTRONOMIA.
1367 189 1417 228 37

270 305 357 347 Nos
388 305 429 346 in
460 316 600 346 errore
631 337 849 348 ......
1377 319 1418 353 55

326 370 411 412 Nee
440 374 579 412 tamen
609 383 653 412 es
684 403 694 412 .

270 458 494 499 Nominum
524 470 675 501 causae
705 472 750 501 re
780 491 993 500 ......

273 524 480 567 Cursuum
509 537 585 567 nee
614 537 696 566 non
726 537 779 566 ua
809 557 981 567 .....
1013 529 1144 577 eatus,

269 591 385 641 Quos
415 595 545 644 agunt
574 591 730 633 mundo
761 592 897 634 sociae
927 592 1066 633 suisue

324 657 504 699 Motibus
535 659 668 699 actae.
1376 668 1418 701 60

269 744 334 785 Ex
364 745 514 797 quibus
545 745 749 797 quaedam
780 747 962 787 statione
993 749 1159 799 torpent

268 809 326 851 Et
355 814 619 852 reuertentes
647 811 806 853 faciunt
837 823 1043 853 recursus.

269 876 387 929 Sunt,
428 878 493 919 sui
523 890 630 930 quae
660 878 855 920 continuo
884 882 1108 920 mouentur

324 943 479 985 Ordine
510 956 669 986 cursus.

267 1030 385 1082 Sunt,
415 1031 537 1073 iubar
567 1044 743 1084 quarum
773 1032 934 1073 uicibus
964 1032 1141 1081 1’eeedit3
1375 1043 1416 1077 65

269 1096 472 1138 Nesciunt
500 1097 705 1149 quaedam
736 1110 903 1150 quoque
933 1097 1037 1139 lueis
1067 1096 1268 1148 umbram,

270 1162 376 1205 Sunt
404 1162 575 1204 humum
606 1175 713 1215 quae
745 1164 899 1204 circum
928 1167 1051 1216 eunt3
1083 1163 1331 1216 quibusdam

321 1228 415 1270 Non
445 1229 569 1271 datur
597 1222 724 1270 istud.

269 1315 472 1358 Omnibus
502 1320 677 1358 cunetae
705 1316 798 1358 loca
826 1317 898 1358 sed
928 1316 1088 1368 diebus,

271 1381 459 1423 Circulos
489 1385 654 1423 mutant
683 1394 846 1434 quoque
876 1382 942 1423 uel
972 1386 1135 1423 meatus
1376 1395 1416 1428 70

270 1447 491 1500 Cursuum,
522 1460 700 1501 quorum
730 1451 1006 1490 numerantur
1037 1448 1157 1490 orbes

323 1514 459 1566 Atque
488 1518 703 1556 notantur.

269 1601 389 1651 Quae
418 1602 524 1653 citis⁷
556 1615 663 1656 quae
693 1602 950 1654 tardigradis
979 1606 1201 1655 pererrant

269 1667 470 1710 Cursibus
498 1668 697 1710 mundum
728 1669 920 1721 spatione
949 1680 1030 1721 quo
1059 1668 1144 1709 sint

268 1732 425 1775 Circuli
455 1734 523 1775 uel
553 1746 633 1786 quo
664 1737 865 1787 superent
894 1734 1059 1776 easdem
1376 1745 1417 1778 75

323 1798 428 1849 Quis
457 1803 730 1852 peraguntur.

268 1886 371 1927 Inde
400 1887 483 1928 iam
512 1887 636 1929 lunae
668 1888 799 1929 coitus
830 1886 999 1928 fatendo

266 1951 442 2004 Digerit,
475 1964 548 1994 eur
578 1952 715 1995 lumen
745 1953 841 1994 huie
871 1965 943 2006 per
972 1953 1099 1994 horas

268 2050 1027 2060 ············

324 2115 677 2126 ......
1376 2094 1418 2128 80

192 2214 236 2247 V.
260 2214 301 2248 56
333 2225 400 2249 nee
430 2216 555 2248 tamen
587 2215 626 2248 in
658 2225 729 2249 ras.
765 2216 806 2249 57
839 2226 877 2249 re
902 2242 908 2249 .
936 2241 942 2248 .
968 2215 991 2258 ,Ι
1018 2227 1032 2248 s
1066 2215 1168 2259 sequi
1189 2214 1339 2249 videtur.
1375 2213 1416 2247 58

106 2279 155 2303 ua
177 2294 185 2302 .
211 2295 218 2303 .
243 2294 250 2302 .
276 2296 282 2303 .
309 2296 315 2303 .
343 2296 349 2303 .
376 2295 384 2303 .
408 2296 415 2304 .
440 2269 535 2313 atus]
568 2270 703 2303 conicio
736 2269 830 2304 uarii
861 2271 1011 2303 meatus.
1048 2270 1089 2304 60
1119 2269 1192 2312 fuit
1222 2268 1416 2303 montibus·

106 2323 146 2357 61
172 2322 302 2367 quibus
325 2324 364 2357 in
386 2334 457 2358 ras.
494 2325 534 2358 78
558 2323 643 2358 huie
666 2323 705 2357 in
729 2334 800 2358 ras.
833 2326 963 2357 79—83
986 2327 1050 2358 aut
1073 2324 1142 2358 toti
1164 2326 1228 2358 aut
1245 2333 1288 2358 ecc
1307 2325 1415 2366 parte

102 2378 304 2421 perierunt.
