1643 2574
514 209 809 244 ACROSTICHA
833 208 1030 244 IOSEPHI.
1352 203 1424 240 117

171 319 287 361 Fecit
319 330 392 359 nos
422 318 566 371 plagas
595 318 704 359 iuste
735 330 977 370 percurrere
1005 319 1170 361 multas.

170 385 252 436 En,
283 387 452 426 nostrae
481 384 628 426 mortis
658 388 847 425 sementa
878 384 1007 426 fuisse
1038 385 1239 426 uidemus.

172 450 342 502 Scorpio
372 450 575 502 pulsando
607 450 741 491 ualuit
771 462 866 490 nam
897 450 1052 502 perfide
1082 450 1180 491 fari:
1410 464 1428 496 5

172 515 263 557 Eua
293 520 441 568 parata
471 519 586 568 patet
617 517 721 557 iusis
753 515 833 557 heu
862 516 987 557 ualde
1019 516 1222 568 superbis.

174 581 315 623 Vincit
345 586 405 633 te,
436 582 601 633 mulier,
632 582 742 634 pomi
772 581 1051 634 pulcherrima
1081 582 1233 633 grandi

173 647 226 688 Vi
256 648 434 699 species,
464 648 578 700 peris
610 652 793 688 ammota
822 651 922 689 tunc
952 648 1210 699 uirginitate.

173 713 351 754 Horruit
380 725 554 755 auersus
584 714 743 766 pariter
773 726 846 754 seu
877 714 1052 765 coniuge
1081 713 1158 754 tali

172 779 439 831 Deprauatus
470 791 575 820 auus
605 782 751 832 gustus
781 779 1029 820 miserabilis
1060 792 1178 820 ausu.
1392 789 1431 822 10

175 844 289 897 Ergo
320 846 386 886 uir
414 857 463 886 ex
493 846 603 897 ligno
634 845 834 886 mandens
865 857 939 886 nos
974 857 1083 885 noxa
1112 844 1302 897 peremit,

176 911 343 963 Inclyta
374 911 493 963 uirgo
524 911 604 952 fide
633 911 706 952 sed
736 923 832 952 raro
863 915 963 952 uota
993 911 1175 952 sacrauit

179 977 269 1018 Ista
298 977 434 1018 Maria
464 988 615 1018 nouam
646 978 831 1018 uitamue
861 977 1001 1018 subire
1032 988 1268 1028 supernam,

178 1042 234 1083 Et
264 1043 400 1084 carnis
431 1043 545 1095 prior
574 1044 754 1084 ascultet
784 1043 862 1084 sibi
893 1043 986 1084 iura
1017 1047 1171 1093 tenere,

177 1107 322 1149 Ardua
351 1111 450 1150 tunc
479 1113 568 1150 toto
601 1109 770 1161 cupiens
801 1109 1035 1151 castissima
1064 1108 1232 1149 mundo.
1394 1119 1434 1152 15

179 1173 295 1215 Talis
327 1174 436 1215 enim
467 1175 620 1216 meruit
649 1188 871 1228 regemque
901 1176 1039 1228 parire
1070 1175 1258 1224 deumne,

179 1239 261 1290 Qui
289 1239 356 1292 pie
386 1241 616 1292 subuertit,
648 1241 775 1293 fregit
805 1246 846 1282 et
876 1242 1014 1282 ferrea
1043 1241 1175 1283 nostri

178 1305 276 1347 Iura
307 1306 419 1347 mali.
453 1307 488 1347 O
518 1318 617 1348 uere
647 1306 826 1348 feliciter
855 1307 948 1348 hinc
979 1307 1094 1359 prior
1123 1307 1225 1356 ibat,

178 1371 291 1423 Lege
322 1372 399 1413 sibi
428 1372 583 1424 placita
612 1385 840 1425 prauorum
870 1372 998 1414 ferret
1027 1376 1074 1413 ut
1103 1373 1200 1414 iras.

178 1436 267 1478 Iam
298 1437 399 1478 deus
428 1437 482 1478 ad
511 1438 672 1490 lignum
701 1439 845 1480 seruili
875 1439 1041 1480 nomine
1071 1438 1269 1491 pendens,
1393 1447 1434 1481 20

179 1502 310 1544 Porro
341 1504 404 1544 sui
434 1505 630 1545 miserum
661 1505 828 1546 soluens
858 1517 934 1558 ope
965 1505 1093 1546 solius
1122 1504 1256 1545 Adam

182 1568 409 1621 Expirauit
439 1570 499 1610 ita
530 1574 572 1612 et
602 1570 757 1612 celerat
788 1571 950 1612 deferre
981 1582 1171 1612 serenam

180 1635 242 1676 De
272 1636 443 1677 summis
471 1636 620 1677 lucem.
654 1636 760 1678 Sunt
788 1637 890 1678 haec
919 1636 1071 1677 uexilla
1102 1647 1271 1677 reuersa

178 1700 330 1753 Regni,
363 1713 470 1754 quae
498 1702 659 1754 pridem
690 1702 930 1744 clauserunt
959 1703 1118 1753 limina,
1150 1702 1243 1743 dein

178 1766 275 1819 Ipse
305 1767 371 1808 uir
404 1771 446 1809 et
475 1768 647 1820 mulier,
679 1769 803 1810 arbor
833 1770 1031 1821 uitaeque
1061 1769 1217 1810 relator
1394 1777 1435 1810 25

185 1832 421 1884 Procerum,
454 1845 476 1875 o
507 1845 693 1886 serpens,
725 1835 890 1876 ultorue
920 1837 1046 1876 natus
1075 1833 1244 1875 illorum

181 1898 385 1940 Promunt
414 1898 481 1940 hic
511 1900 642 1941 uitam
672 1901 724 1942 de
755 1901 859 1953 ligni
888 1904 1008 1942 uecte
1037 1900 1279 1941 redemtam.

180 1963 260 2005 Hic
289 1976 386 2005 nam
415 1977 508 2006 cum
539 1977 687 2007 seruus
719 1967 930 2008 dominum
960 1978 1004 2007 se
1032 1969 1153 2018 paret
1182 1964 1339 2014 haberi,

182 2028 329 2070 Mortis
360 2041 454 2071 eum
486 2031 593 2072 iuste
623 2043 697 2073 seu
727 2043 802 2072 nos
833 2035 932 2072 tunc
961 2031 1067 2072 ultio
1100 2030 1262 2071 sumsit.

183 2094 263 2137 Sed
292 2108 418 2137 uerus
448 2096 640 2138 dominus
671 2109 713 2138 se
744 2097 856 2139 serui
888 2097 1017 2138 uestit
1046 2096 1244 2137 amictum
1393 2104 1435 2137 :30

215 2183 258 2216 V.
283 2184 302 2216 6
326 2183 444 2227 patet]
469 2194 517 2217 cm
535 2185 639 2227 paret
649 2185 665 2217 ¹?
701 2184 742 2217 30
761 2184 942 2223 amictam7
966 2193 1054 2216 corr.
1073 2181 1365 2216 Acrostz'chorum
1382 2179 1435 2212 in-

128 2238 338 2280 terpretatio
363 2237 479 2279 deest;
502 2241 587 2271 sunt
612 2237 650 2270 hz'
672 2248 793 2271 ‘versus
818 2239 877 2280 (cf.
901 2237 1134 2280 appendicem
1157 2247 1211 2270 nr.
1238 2236 1317 2277 ID.-
1343 2235 1436 2278 Lege

129 2291 232 2327 Carle
256 2292 429 2333 feliciter;
455 2292 521 2327 Ille
537 2294 646 2336 pater
669 2293 804 2337 priscus
829 2292 935 2327 elidit
956 2292 1092 2326 edendo
1116 2291 1282 2335 nepotes;
1307 2288 1436 2323 Mortis

128 2347 249 2391 imago
266 2348 336 2382 fuit
361 2348 490 2381 mulier
514 2359 578 2391 per
595 2358 703 2391 poma
726 2347 879 2387 suasrix5
907 2347 1019 2381 lessus
1042 2347 1131 2380 item
1149 2345 1254 2380 nobis
1270 2344 1436 2378 ieiunans

128 2412 256 2436 norma
279 2401 429 2442 salutis;
455 2403 549 2437 Mors
573 2402 669 2445 fugit
693 2402 792 2436 uitae
817 2402 965 2436 ueniens
988 2412 1029 2435 ex
1055 2400 1197 2445 uirgine
1221 2399 1334 2433 radix.
