1643 2574
210 154 263 186 VI
605 147 823 183 CARMINA
847 145 982 180 MEDH
1005 145 1131 179 AEVI.

212 268 336 305 antea
364 274 443 304 usu
471 262 656 310 venerat,
687 260 876 299 amantes
904 255 1145 308 respiciam,
1177 254 1251 296 sed
1279 257 1322 295 et
1350 252 1517 294 histori-

211 340 352 370 corum
397 327 527 368 aciem
570 337 595 366 a
639 322 831 364 Waitziis
874 321 1124 374 praesertim
1146 323 1290 372 xatque
1327 318 1516 360 Watten-

211 393 371 435 bachiis
392 391 559 444 optimis
588 389 767 430 fontium
796 386 1132 438 indagandorum
1157 385 1318 426 artibus
1337 385 1518 426 instruc-

211 464 297 501 tam
344 461 525 510 spectem
570 467 645 496 nec
685 465 767 495 non
809 452 1134 494 Romanicarum
1173 461 1281 502 quae
1319 452 1518 490 vocantur

210 526 451 576 linguarum
488 525 614 574 atque
659 520 770 572 ipsos
810 518 1054 560 vetustioris
1093 517 1395 558 Germanorum
1432 526 1516 556 ser—

210 591 341 632 monis
360 591 689 641 perscrutatores
720 585 844 626 huius
874 583 971 624 libri
995 583 1174 624 lectores
1195 593 1320 634 quam
1341 581 1518 621 maxime

211 662 404 699 strenuos
442 654 578 696 animo
616 652 717 693 mihi
760 651 926 703 fingam.
992 648 1151 698 Quibus
1194 647 1296 688 viris
1339 647 1517 688 aliorum

211 733 376 776 quoque
400 730 642 762 accessuros
664 717 900 759 studiorum
931 715 1114 757 arbitros
1143 714 1263 755 facile
1293 712 1395 753 mihi
1424 723 1518 764 per-

210 789 337 831 suasi.
395 787 502 827 Nam
545 790 588 827 et
631 785 743 825 viros
786 781 1107 824 mathematicae
1153 779 1396 832 disciplinae
1440 790 1514 819 seu

212 853 466 896 naturalium
487 852 777 904 quaestionum
797 850 954 902 peritos
975 848 1064 899 hoc,
1096 858 1175 900 quo
1195 846 1382 895 vivimus,
1413 848 1517 885 tem-

211 933 307 974 pore
334 919 531 960 historiae
561 928 731 958 suorum
762 915 994 956 studiorum
1022 911 1288 954 reconditiori
1317 910 1518 962 indagan—

213 987 311 1037 dae,
355 996 461 1037 quae
491 984 532 1024 in
563 984 674 1033 eius,
705 981 815 1034 quod
844 983 1088 1029 tractamus,
1119 978 1209 1019 aevi
1239 976 1405 1028 scriptis
1435 986 1519 1016 non

211 1053 380 1094 minime
412 1050 585 1100 nititur,
631 1059 836 1089 summam
867 1057 1033 1098 operam
1073 1055 1247 1085 navasse
1282 1042 1440 1083 scibam
1476 1044 1518 1081 et

208 1119 320 1170 ipsos
350 1127 560 1158 sacrorum
590 1114 791 1155 librorum
821 1112 1114 1164 explanatores
1142 1109 1321 1151 sermoni
1351 1107 1422 1159 qui
1458 1105 1520 1147 di-

209 1185 318 1226 citur
349 1182 510 1235 plebeio
542 1193 615 1222 scu
645 1179 821 1231 vulgari,
853 1179 923 1230 qui
944 1177 1121 1219 maxime
1142 1187 1241 1216 aevo
1263 1173 1399 1216 medio
1425 1184 1517 1213 con-

210 1249 398 1303 spicitur,
429 1246 706 1300 perquirendo
736 1249 779 1286 et
808 1244 859 1285 ad
890 1247 1047 1285 certam
1066 1242 1309 1294 regularum
1330 1250 1518 1280 normam

210 1314 436 1368 redigendo
468 1313 773 1365 (Hermannum
799 1309 1077 1351 Roenschium
1108 1311 1295 1350 nostrum
1324 1305 1392 1346 hic
1421 1307 1518 1346 ante

210 1386 374 1423 ceteros
412 1380 627 1420 nominare
664 1378 797 1426 iuvat)
843 1375 1014 1416 studere
1052 1386 1135 1415 non
1179 1385 1294 1414 eram
1337 1371 1518 1413 nescius,

292 1447 487 1488 Ceterum
506 1449 548 1486 et
567 1444 699 1485 nostri
728 1442 897 1492 ordinis,
928 1441 998 1493 qui
1021 1444 1085 1481 est
1104 1439 1408 1492 philologorum
1427 1447 1521 1490 pro-

210 1513 299 1565 prie
311 1513 530 1561 dictorum,
548 1510 737 1550 homines
753 1508 834 1549 iam
854 1506 1001 1558 viginti
1016 1505 1103 1546 fere
1113 1517 1162 1545 ex
1174 1504 1293 1545 annis
1308 1503 1519 1556 praeclare

209 1579 420 1623 viderunt,
450 1588 531 1617 11011
561 1587 684 1627 posse
712 1573 822 1626 genii
855 1572 925 1625 qui
956 1571 1109 1613 (licitur
1136 1570 1302 1621 antiqui
1322 1572 1517 1610 naturam

210 1648 323 1684 recte
353 1643 405 1684 ab
436 1641 545 1683 0111111
576 1644 694 1693 parte
722 1640 924 1691 perspici,
963 1638 1064 1687 nisi,
1107 1649 1189 1689 qua
1228 1639 1341 1677 05501
1371 1634 1464 1675 inde
1493 1646 1518 1674 a

210 1710 345 1761 prisco
388 1714 575 1759 tempore
620 1706 686 1747 via
728 1706 943 1757 ingressus
986 1706 1111 1755 atque
1155 1702 1206 1743 ad
1255 1700 1377 1741 medii
1426 1699 1520 1741 aevi

211 1778 403 1826 tempora
437 1772 630 1825 fingenda
673 1775 715 1812 et
753 1769 971 1811 formanda
1002 1780 1093 1809 sese
1122 1767 1410 1820 applicuisset,
1449 1777 1517 1806 ac—

211 1844 354 1882 curate
390 1842 499 1880 esset
530 1838 786 1888 indagatum.
846 1836 902 1876 Ac
943 1834 1118 1875 maxime
1157 1833 1322 1885 quidem
1362 1831 1440 1873 hac
1477 1831 1518 1871 111

212 1906 422 1946 sententia
445 1902 706 1945 defendenda
727 1913 859 1952 nuper
884 1900 1038 1941 meruit
1058 1899 1181 1939 Gellii
1207 1898 1343 1939 editor
1366 1897 1519 1938 doctis-

211 1971 338 2011 simus
382 1969 589 2010 Martinus
631 1967 854 2017 Hertzius‚
904 1966 975 2018 qui
1013 1965 1155 2018 paucis
1199 1964 1350 2005 abhinc
1398 1962 1519 2004 annis

212 2036 395 2077 Danicae
434 2035 686 2076 insolentiae
726 2033 895 2074 aculcos
934 2032 973 2072 vi
1014 2043 1213 2083 germana
1256 2029 1367 2070 nullo
1406 2027 1518 2069 oblo-

212 2104 364 2153 quente
403 2100 582 2151 retudit,
621 2100 663 2140 in
703 2098 927 2150 scriptione
967 2109 1044 2138 sua
1082 2095 1318 2137 academica
1356 2096 1517 2135 aestate

212 2167 310 2207 anni
339 2164 705 2207 MDCCCLXXVI
741 2164 791 2206 (10
820 2163 945 2204 medii
976 2163 1067 2203 aevi
1099 2161 1250 2203 studiis
1279 2158 1518 2201 Horatianis

213 2231 491 2273 Vratislaviae
517 2231 641 2271 edita.
673 2230 722 2270 In
743 2242 826 2281 qua
847 2240 973 2270 causa
1003 2228 1037 2268 si
1057 2227 1138 2268 mei
1159 2237 1323 2279 quoque
1343 2224 1519 2266 nominis

214 2298 330 2349 quasi
366 2296 505 2337 meriti
542 2295 789 2337 mentionem
818 2294 928 2344 fecit,
960 2293 1178 2345 benignius
1208 2291 1325 2332 illum
1355 2290 1519 2342 quidem
