1643 2574
458 181 636 216 VERSVS
662 182 722 216 DE
746 181 1082 215 PAENITENTIA.

334 292 589 345 Redemptor
618 291 774 342 mundi,
808 291 929 332 unica
959 302 1052 343 spes
1083 290 1279 341 omnium,

279 358 411 400 Filius
440 359 574 411 patris
605 362 832 410 sanctoque
864 357 1043 410 spiritui,

281 425 432 467 Trinus
463 428 505 467 et
534 436 642 465 unus
675 424 777 465 deus
808 423 1046 473 inuisibilis,

556 490 661 532 Mihi
691 502 898 531 succurre.

337 601 380 643 Si
410 613 474 642 me
504 601 645 643 subtili
677 612 829 653 pensas
861 600 938 641 sub
969 599 1201 650 libramine,

283 668 384 721 Spes
414 668 457 708 in
486 679 551 708 me
581 667 697 708 nulla
728 670 916 707 remanet
948 665 1138 716 fiduciae,

284 734 365 776 Sed
394 745 511 786 rogo,
542 736 617 774 tua
646 745 712 774 me
743 732 879 774 saluet
911 732 1114 785 potentia,

556 799 689 840 Filius
721 798 799 839 dei.

340 909 455 951 Tolle
484 913 716 961 peccatum,
750 908 860 949 dilue
890 908 1088 957 facinora,

285 975 423 1017 Ablue
453 975 597 1017 sordes
629 975 823 1026 donaque
855 974 1168 1023 charismatum,

286 1042 481 1084 Instaura
512 1053 649 1083 meum
679 1041 906 1082 clementer
934 1038 1220 1093 pectusculum

561 1106 733 1148 Munero
764 1110 849 1147 tuo.

343 1216 519 1259 Veniam
549 1220 646 1270 peto
677 1228 758 1258 non
788 1216 891 1256 meis
923 1215 972 1256 de
1003 1214 1163 1256 meritis

286 1284 421 1335 Fisus,
455 1285 505 1325 de
534 1288 608 1325 tua
639 1287 776 1324 certus
807 1294 898 1323 sum
930 1281 1162 1331 clementia,

288 1349 370 1399 Qui
399 1349 508 1391 bona
537 1350 651 1403 regis
680 1349 836 1401 pietate
868 1347 998 1388 solida

563 1414 706 1456 Gratis
736 1413 940 1466 inpendis.

346 1524 525 1575 Christe,
558 1528 600 1566 te
631 1536 794 1577 semper
826 1527 941 1565 recta
972 1523 1052 1564 fide
1081 1522 1204 1563 labiis

288 1590 511 1633 Confessus
541 1591 663 1633 corde
693 1590 851 1631 credidi
881 1589 1119 1631 orthodoxo.

289 1656 604 1699 Haereticorum
635 1656 786 1708 dogma
816 1655 934 1697 nefas
965 1655 1106 1707 respui

564 1723 737 1764 Pectore
766 1734 885 1774 puro.

346 1832 528 1874 Ymnum
557 1833 671 1875 fideli
701 1832 953 1874 modulando
984 1836 1158 1883 gutture

290 1899 459 1940 Arrium
489 1911 649 1952 sperno,
680 1899 906 1940 latrantem
937 1897 1177 1947 Sabellium,

290 1964 468 2007 Adsensi
497 1977 723 2018 numquam
754 1964 999 2017 grunnienti
1027 1962 1183 2004 Simoni

565 2031 704 2072 Fauoe
734 2042 919 2072 susurra.

1354 172 1428 210 105

1390 301 1432 333 65

1393 675 1434 709 70

1395 1048 1436 1081 75

1396 1422 1437 1455 80

1397 1840 1439 1874 85

217 2205 259 2239 V.
284 2206 325 2239 65
358 2205 467 2249 filius]
493 2205 596 2239 alius.
643 2205 684 2238 ΤΟ
709 2204 848 2238 fiducie.
894 2204 933 2237 71
966 2203 1079 2237 salua.
1127 2204 1169 2237 74
1193 2203 1439 2238 carismatum.

132 2261 171 2294 81
189 2260 345 2304 Christe]
372 2260 507 2294 Graeco
524 2270 619 2293 more
642 2270 770 2292 nomen
790 2251 867 2304 Xpe
884 2260 1064 2302 seriptum
1088 2262 1148 2293 est.
1188 2259 1231 2292 82
1256 2258 1439 2292 ortodoxo.

132 2315 174 2349 83
196 2315 445 2349 hereticorum.
487 2315 528 2349 85
553 2326 705 2358 ymnum
732 2325 804 2357 pro
836 2315 972 2357 hymno
1006 2314 1047 2347 ob
1072 2314 1331 2357 alphabeticum
1365 2323 1441 2346 car-

131 2370 240 2404 minis
263 2370 524 2403 institutionem
547 2370 722 2403 intactum
746 2369 887 2412 reliqui.
914 2369 955 2403 86
979 2369 1150 2403 latrante.
1175 2369 1217 2403 87
1241 2367 1441 2413 grunienti.
