1643 2574
660 163 938 198 PRAEFATIO.
1387 162 1459 193 VII

146 274 348 316 iudicasse
378 280 539 314 certum
569 276 648 314 est:
679 272 750 313 sed
780 271 856 313 hac
885 272 975 324 ipsa
1005 270 1128 312 huius
1157 270 1253 312 libri
1282 271 1460 312 editione

148 339 330 382 nonnihil
360 351 426 380 me
448 338 501 379 ad
520 349 611 379 eam
631 338 921 390 quaestionem
942 336 1266 389 promovendam
1286 337 1460 378 materie

147 405 293 448 saltem
323 406 524 456 congesta
554 402 810 444 adtribuisse
846 402 961 443 haud
991 402 1074 444 scio
1114 415 1167 444 an
1203 402 1339 443 minus
1375 414 1460 442 mo-

146 472 257 513 deste
288 470 390 512 mihi
419 470 562 511 videar
592 469 856 522 persuadere.
888 469 996 509 Nam
1027 481 1117 509 eam
1150 481 1174 509 a
1204 469 1350 521 primis
1371 472 1460 508 stu-

145 538 301 579 diorum
330 547 515 578 meorum
544 535 837 585 incrementis,
875 535 1030 587 quippe
1060 546 1167 586 quae
1206 533 1258 575 ad
1299 533 1459 574 codices

145 604 246 645 varii
276 602 511 660 argumenti
541 600 870 654 perscrutandos
900 612 990 641 sese
1018 600 1289 650 direxissent,
1328 599 1459 640 ratio-

147 681 236 710 nem
274 660 375 710 mihi
414 668 637 718 finxeram,
677 679 802 719 quam
842 667 1020 707 maxime
1058 677 1202 706 errare
1232 666 1350 716 illos,
1387 665 1458 716 qui

145 734 410 787 antiquitatis
449 733 591 775 studia
628 732 753 773 certis
789 732 972 784 ipsorum
1003 735 1238 783 temporum
1269 731 1460 782 antiquo-

145 812 234 841 rum
263 799 415 841 finibus
444 798 821 841 circumscribenda
850 810 943 840 esse
972 797 1213 839 crederent:
1254 799 1319 838 est
1349 796 1458 837 enim

144 867 183 908 in
212 866 290 908 hoc
318 866 460 919 potius
489 866 707 918 praeclara
734 865 895 917 antiqui
927 864 1040 916 genii
1072 864 1133 904 vis
1163 863 1315 915 posita,
1348 861 1460 914 quod

145 945 223 974 11011
263 932 317 974 011
352 936 489 974 certos
529 942 657 972 annos
695 930 897 972 historiae
932 929 1197 982 procedentis
1237 928 1346 969 mole
1376 928 1459 968 iam

145 1003 325 1040 remotos
364 1001 490 1050 atque
529 998 598 1051 (id
636 997 747 1050 quod
777 997 846 1038 Dii
883 997 982 1038 110111
1020 995 1340 1044 averruncentl)
1371 993 1457 1034 fere

145 1065 325 1114 00111105,
356 1064 426 1105 sed
456 1063 508 1104 ad
539 1076 659 1104 omne
691 1075 840 1103 aevum
871 1066 997 1114 atque
1027 1061 1253 1114 praecipue
1274 1064 1461 1102 nostrum

147 1131 406 1172 formandum
425 1135 552 1183 atque
573 1129 876 1171 emendandum
898 1128 1093 1181 pertinet.
1126 1127 1245 1176 Quod
1266 1139 1359 1168 cum
1379 1126 1461 1166 iam

148 1197 301 1238 dudum
331 1200 440 1238 esset
469 1199 753 1248 perspectum,
784 1195 825 1235 id
851 1195 988 1235 minus
1011 1205 1211 1235 curavere
1233 1193 1311 1233 viri
1333 1192 1460 1242 docti,

149 1266 193 1304 111
222 1267 437 1313 eruerent,
478 1274 561 1314 qua
597 1262 860 1314 potissimum
891 1261 958 1301 via
995 1260 1096 1301 haec
1134 1259 1274 1301 studia
1304 1258 1357 1299 ad
1386 1270 1461 1299 nos

148 1330 445 1381 pervenissent.
478 1329 617 1380 Atque
648 1328 725 1369 hoc
754 1327 816 1368 illi
847 1327 1014 1379 quidem
1045 1338 1120 1367 suo
1151 1325 1330 1366 fortasse
1349 1324 1460 1365 iure:

148 1393 361 1446 fingebant
400 1395 510 1435 enim
551 1394 630 1435 sibi
670 1393 897 1436 secundum
933 1393 1140 1433 rationem
1176 1404 1201 1432 0
1239 1389 1462 1432 maioribus

149 1464 358 1512 acceptam
388 1460 516 1501 medii
546 1460 637 1500 aevi
664 1459 872 1509 homines,
903 1459 1064 1510 ineptos
1094 1470 1194 1498 sane
1224 1456 1337 1497 haud
1365 1468 1461 1496 raro

150 1527 311 1579 antiqui
340 1526 451 1579 genii
480 1526 753 1578 interpretes,
795 1524 1006 1577 profunda
1036 1524 1201 1564 omnino
1231 1533 1372 1563 rerum
1403 1521 1462 1561 111-

149 1592 268 1633 scitia
291 1592 367 1633 sub
389 1591 745 1643 mersosonmique
761 1591 957 1643 propriae
976 1590 1191 1631 doctrinae
1213 1592 1340 1640 atque
1360 1587 1463 1628 artis

148 1669 298 1710 genere
326 1658 449 1710 plane
481 1648 722 1699 destitutos.ยน
752 1656 844 1706 Qua
875 1657 925 1697 de
957 1669 1001 1697 re
1028 1656 1150 1697 hodie
1170 1655 1295 1706 longe
1315 1653 1462 1694 melius

149 1724 378 1766 iudicatur:
411 1736 507 1764 nam
539 1728 582 1764 et
621 1723 777 1764 artium
808 1723 1108 1774 descriptores,
1155 1724 1202 1762 ut
1232 1719 1461 1772 springen,

148 1789 322 1841 110111111,
357 1790 472 1842 ligii,
516 1789 812 1839 ostenderunt,
852 1788 978 1829 medii
1018 1788 1108 1828 aevi
1147 1785 1331 1827 artifices
1362 1784 1463 1826 artis

149 1867 242 1896 cum
267 1856 519 1907 antiquitate
548 1855 725 1897 vinculis
754 1866 933 1897 conexos
962 1866 1055 1895 esse
1083 1866 1157 1894 nec
1182 1852 1382 1893 historiae
1411 1850 1463 1891 ad

148 1921 319 1961 humani
340 1922 504 1973 generis
535 1921 741 1962 culturam
762 1920 1012 1973 pertinentis
1034 1919 1207 1961 studiosi
1228 1918 1353 1959 aliter
1373 1928 1462 1957 sen-

149 1990 306 2027 serunt.

229 2052 364 2102 Quam
392 2052 434 2092 in
465 2055 627 2104 partem
659 2052 892 2105 philologos
921 2063 1085 2103 quoque
1115 2050 1368 2092 concessisse
1398 2048 1462 2089 cui

149 2118 300 2159 mirum
330 2117 535 2169 videatur,
568 2118 723 2170 quippe
746 2130 849 2169 quos
872 2129 965 2158 cum
987 2117 1131 2169 quovis
1161 2115 1303 2156 fatuae
1333 2115 1462 2156 tradi-

149 2184 274 2224 tionis
303 2195 456 2235 genere
486 2183 686 2224 acerrime
716 2195 904 2235 pugnare
935 2195 1057 2234 quam
1086 2182 1264 2223 maxime
1295 2181 1463 2221 0110011-

150 2249 418 2290 sentaneum?
441 2248 637 2290 Ceterum
660 2251 750 2290 tota
778 2248 848 2289 illa
868 2252 1131 2299 nostrorum,
1153 2259 1261 2299 quae
1281 2247 1346 2287 hic
1363 2246 1462 2298 pub-

149 2314 219 2356 lici
249 2315 352 2355 iuris
382 2314 570 2365 facimus,
602 2314 828 2355 carminum
856 2314 981 2355 series
1013 2327 1060 2355 ex
1092 2313 1231 2355 codice
1261 2311 1463 2353 Bernensi
