1643 2574
613 186 677 220 DE
698 186 884 223 MVSICA.
1351 183 1401 223 33

252 294 472 347 Legesque
501 298 542 336 et
570 297 676 336 recit
707 327 1125 340 ...........

251 360 368 402 Haeo
397 364 558 402 mentes
588 365 674 402 met
705 395 1124 406 ...........

251 426 360 468 Nam
392 439 483 468 eum
513 426 611 468 olim
640 426 793 468 fremer
823 460 1124 472 ........

250 492 406 534 Sollers
436 491 617 534 inhibuit
649 525 1073 536 ...........
1117 530 1123 536 .

249 558 426 599 Lasoiue
454 558 628 599 iuuenes
659 558 737 600 hae
768 591 1119 602 .........
1357 576 1399 608 45

249 624 454 666 Mandans
485 624 694 676 organicis
723 624 817 677 psal
848 658 855 664 .
890 657 896 665 .
932 658 939 666 .
979 659 986 666 .
1118 661 1124 668 .

249 689 417 731 Morbos
448 701 666 742 corporeos
698 722 1124 734 ...........

249 755 420 796 Pondus
450 755 695 796 uulneribus
727 789 734 795 .
767 787 776 795 .

249 819 553 873 Cantandoque
582 820 740 862 febrem
771 853 779 862 .
951 854 957 860 .
992 857 998 863 .
1032 856 1038 863 .
1074 857 1081 864 .
1116 858 1122 864 .

248 885 339 928 Hac
369 886 520 928 Thales
552 887 693 928 docuit
739 920 746 927 .
786 920 1122 930 .........
1357 904 1397 938 50

247 951 435 993 Dulcedo
464 956 511 994 ut
540 953 626 994 scia
662 984 1122 995 ............

248 1018 471 1068 Quondam
500 1019 585 1072 lym
616 1051 1119 1063 .............

248 1085 482 1138 Aegrorum
512 1098 537 1127 a
568 1117 1119 1133 ..............

250 1150 469 1192 Pensantu
492 1183 1120 1194 ................

248 1216 430 1268 Agreste
456 1250 1123 1263 .................
1356 1235 1398 1268 55

248 1281 421 1334 Captari
453 1314 1119 1326 .................

249 1347 360 1388 Dum
391 1347 418 1388 fi
450 1381 1120 1392 .................

247 1677 522 1730 Partiturque
551 1690 624 1720 son
662 1710 1120 1721 ............
1354 1694 1396 1727 60

248 1743 363 1793 Quos
392 1743 595 1797 symphon
614 1776 1118 1788 .............

248 1809 329 1850 Ter
358 1810 589 1863 quinosque
619 1815 636 1851 t
657 1843 1117 1854 ............

247 1875 354 1917 Tum
383 1876 517 1929 legem
546 1889 748 1929 generum
780 1910 1120 1919 .........

247 1940 355 1983 Hine
383 1946 549 1994 pressat
579 1943 721 1995 grauit
742 1973 1119 1987 ..........

244 2007 366 2049 Istud
395 2009 588 2060 congruit
616 2008 684 2050 hie
732 2044 738 2050 .
781 2041 1118 2051 .........
1353 2024 1394 2057 65

245 2072 325 2114 Hie
354 2073 489 2115 maius
519 2078 687 2116 resonat
716 2074 759 2115 hi
781 2106 1117 2118 .........

169 2204 212 2238 V.
231 2205 271 2238 51
295 2206 337 2238 ut
361 2205 400 2239 in
423 2215 493 2239 ras.
529 2206 571 2239 57
595 2206 681 2239 dum
705 2206 745 2240 in
768 2216 838 2240 ras.
876 2207 979 2241 Inter
995 2218 1024 2241 r.
1042 2211 1084 2240 59
1108 2211 1139 2242 et
1164 2211 1206 2241 60
1232 2212 1307 2243 tota
1326 2220 1392 2252 pa-

82 2258 167 2302 yz'na
181 2259 208 2302 f.
225 2261 271 2292 48
287 2269 389 2293 versa
406 2260 520 2303 periit
550 2270 716 2294 versuum
742 2261 903 2295 XXVI:
933 2262 1106 2297 accedunt
1126 2268 1154 2305 f.
1177 2266 1249 2296 48ἃ
1272 2274 1393 2298 versus

83 2315 254 2356 quattuor
272 2315 458 2357 postremz,
482 2324 572 2357 quos!
574 2325 634 2348 um
659 2318 691 2348 et
714 2316 875 2358 ipsorum
907 2317 1012 2351 hodie
1035 2328 1097 2351 nec
1120 2319 1308 2362 zestzqimn
1332 2328 1393 2351 περ

82 2367 162 2401 vola
184 2372 346 2411 apparet.
382 2372 467 2401 60—
471 2373 510 2402 79
533 2370 573 2403 in
595 2370 621 2412 f.
647 2372 715 2403 49a
741 2370 908 2414 leqzmtm
932 2371 1036 2406 valde
1060 2374 1231 2407 trwcatz

213 2428 325 2458 HAOEN
349 2438 484 2459 CARMINA
509 2438 591 2458 WIEDII
616 2438 695 2459 AEVI.
