1643 2574
544 166 804 201 CARMINVM
827 166 994 201 INITIA.

95 276 264 320 Quisquis
289 288 389 310 amas
414 287 552 311 sacram
576 276 635 311 XI.

93 330 261 375 Quisquis
274 330 471 365 Clementis
485 330 681 364 clementer
690 330 750 364 XC

95 386 198 427 Quod
220 386 348 420 chorus
371 387 501 419 uatum
524 385 653 419 XXIV.

96 441 199 482 Quod
222 440 347 475 multis
372 440 479 474 annis
497 439 646 474 dui-anit
661 440 751 475 CIII.

96 495 198 537 Quod
222 506 285 539 pei·
308 494 529 540 multiplices
553 494 641 529 CXI.

97 604 206 649 Regia
229 603 418 648 progenies
441 603 549 648 stirps
573 602 674 637 CXX.

97 659 205 703 Regis
228 659 345 692 mater
367 660 446 693 erat
469 659 505 692 et
529 658 676 702 regibus

142 713 262 748 CXXI.

98 769 213 802 Renes
236 772 273 802 et
296 769 425 802 uenter
447 769 484 802 et
506 767 637 812 pocula

143 822 334 864 CXXXVI,
359 823 389 857 8.

48 909 54 912 ,
99 878 167 912 Res
192 878 245 912 est
268 877 307 911 in
331 877 431 911 siluis
455 877 561 921 nigro
585 877 720 912 uestita

145 932 318 972 CXXXV,
343 932 373 966 3.

100 989 169 1022 Res
193 989 246 1022 est
270 988 307 1021 in
340 987 441 1021 siluis
466 997 558 1031 quae
587 987 757 1021 scribitur

145 1043 318 1083 CXXXV,
344 1043 373 1076 1.

101 1099 169 1132 Res
192 1097 345 1143 simplex
369 1096 509 1141 triplici
533 1096 654 1131 CXIX.

101 1153 177 1186 Rex
194 1152 332 1187 Christe
352 1151 446 1186 serui
463 1151 633 1186 laudibus
650 1151 757 1185 LXII.

100 1207 177 1241 Rex
184 1207 339 1251 gloriose
349 1208 549 1250 martyrum
559 1206 757 1242 XXXVIII.

102 1262 179 1296 Rex
202 1262 341 1306 pietate
365 1261 457 1305 uigil
481 1261 542 1295 IV.

102 1317 254 1351 Rimans
277 1327 369 1350 nexa
392 1316 468 1361 poli
491 1315 603 1350 XVII.

104 1372 177 1406 Rus
193 1371 306 1405 habet
321 1372 359 1404 in
376 1371 469 1405 silua
486 1372 638 1415 patruus
658 1381 758 1405 meus

148 1425 236 1460 VIC.

105 1558 322 1591 Sanctorum
336 1556 474 1590 meritis
491 1556 620 1590 inclita
633 1556 761 1590 XLIII.

106 1611 242 1645 Scaeua
266 1610 481 1644 senescentis
506 1611 673 1645 dominae

149 1665 253 1699 CXV.

106 1720 230 1754 Scribo
254 1731 319 1754 nec
343 1720 469 1765 ignoro
494 1731 556 1755 cur
580 1721 617 1754 in
642 1720 732 1755 IXC.

106 1775 252 1819 Semper
274 1775 321 1808 ab
345 1776 492 1810 aeterno
517 1775 585 1810 CX.

107 1829 252 1873 Septem
277 1829 454 1863 columnis
478 1829 577 1863 intus
602 1829 696 1863 XVI.

108 1884 145 1918 Si
170 1883 303 1918 circum
327 1884 421 1917 circa
445 1884 598 1928 surgant
622 1883 695 1917 CII.

1364 160 1439 199 231

785 275 821 310 Si
838 276 892 311 fas
911 278 965 311 est
980 277 1085 311 ludos
1102 277 1253 311 abiectis
1266 276 1442 311 LXXXII.

785 331 843 366 Sic
866 342 968 366 cruce
993 331 1085 365 tollo
1109 342 1251 366 crucem
1277 331 1418 365 CXXII.

786 385 864 420 Stet
877 386 1003 420 domus
1015 386 1107 421 haec
1120 386 1236 421 donec
1250 386 1441 426 CXXXVI,

831 443 861 474 7.

786 495 894 530 Sume
908 496 1096 540 plectrum,
1110 496 1239 541 lingua
1251 497 1359 530 metri
1373 496 1444 531 LV.

788 550 934 584 Summe
951 551 1130 585 confessor
1154 562 1252 585 sacer
1276 551 1385 585 XLII.

788 604 933 639 Summe
958 607 1058 639 sator
1082 616 1201 639 rerum
1227 605 1384 639 LXXVI.

789 725 888 759 Tado
912 725 1069 769 benigne
1094 724 1178 758 uide
1202 725 1245 759 II.

789 780 839 814 Te
863 779 954 813 mihi
977 791 1106 823 meque
1131 779 1201 813 tibi
1227 779 1402 813 CXXXII.

790 835 970 879 Tempora
994 835 1148 868 circuitu
1177 836 1293 869 ueteri
1322 834 1447 869 CXIII.

790 889 913 923 Tertio
937 890 975 923 in
999 889 1084 923 flore
1113 890 1269 924 mundus
1294 889 1386 923 LIII.

790 944 818 978 T
825 944 883 985 ibi.
893 944 1044 986 Christe,
1052 945 1223 989 splendor
1230 944 1345 989 patris
1354 943 1448 978 XLV

791 999 877 1034 Tres
900 999 1032 1033 habuit-
1057 1000 1161 1033 natos
1184 999 1258 1032 iam
1282 998 1419 1032 CXXX.

791 1121 892 1154 Vana
906 1118 1001 1152 salus
1014 1118 1203 1152 hominum
1212 1117 1404 1157 CXXXVI.
1418 1119 1448 1153 3.

792 1173 925 1208 Versus
939 1172 1122 1207 mendicos
1136 1173 1173 1207 et
1185 1172 1309 1206 Musae
1326 1173 1448 1208 CXIV.

792 1228 884 1263 Veni
907 1228 1116 1271 redemptor
1137 1227 1301 1271 gentium
1326 1228 1420 1262 XXI.

792 1282 955 1327 Virginis
967 1281 1085 1326 proles
1096 1282 1287 1325 opifexque
1297 1282 1449 1316 XXXIII

792 1337 905 1381 Virgo
929 1336 1149 1381 spectandae
1175 1336 1361 1371 Genouefa,

839 1391 1028 1425 CXXXIV.

793 1446 998 1491 Virginitas
1021 1446 1085 1480 fios
1111 1448 1164 1480 est
1187 1445 1276 1479 CVI.

793 1501 881 1536 Vita
904 1501 1001 1535 salus
1026 1501 1143 1535 uirtus
1167 1501 1308 1534 LXXII.

795 1556 903 1591 Vitae
927 1556 1128 1600 praesentis
1145 1556 1173 1589 si
1190 1566 1361 1600 comparo
1380 1555 1450 1590 VC.

795 1611 899 1651 Viue,
908 1610 1059 1651 Sofride,
1070 1612 1198 1655 potens
1211 1611 1275 1644 sub
1286 1611 1392 1644 astris
1402 1610 1453 1644 III

798 1665 911 1700 Undis
934 1664 1132 1699 raucisonis
1157 1665 1237 1699 uela
1262 1665 1355 1698 XIV.

795 1719 868 1754 Vos
892 1719 955 1763 qui
979 1719 1135 1763 diligitis
1158 1720 1254 1754 bona
1275 1718 1364 1753 IVC.

798 1775 846 1809 Ut
871 1774 936 1808 flos
960 1774 997 1807 in
1023 1774 1138 1818 pratis
1163 1773 1218 1808 IC.

798 1829 847 1864 Ut
871 1830 907 1863 te
931 1829 1028 1863 uelle
1052 1831 1141 1873 puto
1166 1831 1202 1863 te
1227 1828 1342 1873 diligo

842 1883 1036 1918 CXXVIII.
