1643 2574
214 162 297 193 XVI
606 159 826 194 CARMINA
850 157 985 192 MEDII
1010 157 1134 191 AEVI.

215 271 425 314 Alchm'ni.
457 270 614 311 Versus
650 280 720 310 sex
755 267 916 320 priores
946 270 1091 308 extant
1125 266 1167 307 in
1197 266 1363 307 Alcuini
1392 266 1519 318 scrip·

214 344 353 380 torum
383 336 561 378 editione
583 334 807 376 Canisiana
837 345 885 374 ex
916 333 1055 374 codice
1083 331 1347 384 Sangalleusi
1375 331 1518 383 petiti3

214 405 339 445 habet
370 401 533 443 eosdem
562 400 738 441 Rieseus
768 410 931 451 quoque
967 399 1008 439 in
1038 396 1314 449 Anthologiae
1344 396 1521 438 Latinae

214 470 295 511 vol.
327 468 368 509 Π
397 466 525 520 praef.
555 478 594 517 p.
625 464 739 515 XIV,
771 464 841 517 qui
870 466 1038 516 praeter
1075 463 1255 504 codicem
1284 462 1521 503 Parisinum

215 537 321 577 8069
362 533 430 586 (C)
470 531 786 572 Bruxellensem
825 542 989 582 quoque
1032 533 1175 579 1Q859
1216 540 1322 570 saec.
1351 528 1412 569 IX
1450 528 1521 581 (B)

214 600 419 642 adhibuit.
452 599 500 639 V.
525 601 546 639 3
568 609 642 650 pro
672 597 814 638 vacuis
845 597 1019 637 Rieseus
1040 596 1163 636 vanis
1183 594 1407 645 legendum
1428 606 1522 635 con-

215 667 332 717 iecit3
365 678 401 706 V.
426 668 448 706 6
479 675 553 717 pro
587 666 719 715 e‘nmyo
746 663 787 703 in
821 661 851 703 C
880 662 1036 714 legitur
1067 664 1109 701 ut
1138 660 1274 713 (liquo,
1305 661 1346 701 in
1372 660 1407 701 B
1426 672 1522 701 vero

217 737 258 772 nt
295 744 457 784 magyne.
490 729 598 771 unde
632 732 677 769 ut
706 741 855 780 mayno
885 726 1106 779 legendum
1142 726 1216 777 sit,
1255 726 1351 778 quia
1389 727 1523 778 imagyo

216 798 268 839 ab
305 802 399 838 arte
435 796 608 838 metrica
638 794 846 836 abhorret.
878 792 1043 844 Reliqui
1074 804 1218 833 versus
1247 791 1314 831 hic
1344 792 1524 843 primum

216 863 481 914 evulgantur.

299 927 510 969 LXXXII.
556 927 617 967 De
653 925 729 967 hoc
767 924 982 978 praeclaro
1018 924 1221 966 carmine.
1260 923 1368 975 quod
1405 922 1525 965 Gallo

217 994 390 1037 Morelio
434 1005 525 1034 meo
564 992 842 1041 Einsidlensi,
880 991 997 1031 cuius
1041 1001 1185 1030 manes
1229 990 1295 1041 pie
1341 1001 1524 1039 veneror,

219 1061 365 1111 debeo,
398 1060 481 1101 dixi
512 1060 553 1100 in
584 1058 746 1107 libello,
787 1056 897 1109 quod
932 1068 967 1096 a.
1003 1058 1107 1097 1869
1138 1054 1321 1096 Biennae
1351 1055 1523 1106 prodiit:

219 1126 371 1167 Antike
400 1125 487 1166 und
515 1121 855 1164 mittelaltemcloe
885 1120 1206 1172 Rittleselpoesie,
1237 1133 1275 1172 11.
1307 1123 1370 1161 34.

300 1190 531 1232 LXXXIII.
562 1190 701 1231 Habes
730 1188 960 1229 versionem
983 1186 1272 1227 Germanicam
1303 1187 1344 1227 in
1375 1185 1526 1236 libello,

219 1270 341 1310 quem
371 1257 492 1299 modo
523 1256 746 1301 nominavi,
777 1267 816 1306 p.
849 1258 910 1294 35.

302 1322 533 1365 LXXXIV.
579 1320 796 1373 Explicavi
831 1320 921 1360 eius
951 1318 1203 1371 aenigmatis
1239 1318 1423 1359 rationes
1453 1317 1528 1358 1111-

220 1390 313 1431 dem
344 1401 382 1441 p.
407 1391 579 1437 32—34‚
602 1399 726 1439 quam
748 1385 1081 1438 explanationem
1103 1383 1307 1425 Rudolfus
1335 1382 1528 1435 Peiperus

220 1460 387 1497 secutus
418 1459 499 1505 est.
530 1453 600 1506 qui
631 1464 776 1493 versus
806 1451 981 1491 Latinos
1017 1450 1177 1502 primus
1208 1461 1256 1489 ex
1287 1448 1528 1501 apographo

222 1533 312 1562 meo
348 1520 478 1561 edidit
516 1520 555 1560 in
595 1516 915 1560 Commentariis
954 1514 1376 1566 Norimbergensibus
1418 1515 1529 1564 (An-

223 1589 323 1640 πηῃ.
351 1587 383 1638 f.
414 1585 568 1627 szde
594 1584 633 1625 (l.
656 1583 872 1625 deutschen
903 1582 1086 1634 Vorz-eit)
1107 1594 1143 1622 a.
1165 1578 1529 1621 MDCCCLXXIII

221 1664 361 1694 mense
381 1651 492 1704 Sept.
513 1663 574 1692 nr.
597 1653 633 1691 9.
655 1649 845 1702 Repetivi
871 1647 922 1688 ob
943 1647 1173 1689 carminum
1195 1645 1530 1687 antecedentium

222 1718 456 1769 argumenti
486 1715 813 1757 similitiulinem.

305 1782 498 1823 LXXXV
537 1792 789 1834 quamquam
820 1779 994 1819 Rieseus
1030 1777 1157 1818 habet
1192 1777 1318 1817 Anth.
1350 1776 1443 1817 Lat.
1472 1775 1528 1826 ΙΙ,

223 1862 263 1902 p.
289 1852 363 1889 185
396 1848 548 1897 adnot.⁷
580 1851 719 1887 tamen
750 1843 938 1896 repetivi,
971 1842 1068 1894 quia
1098 1842 1139 1882 111
1170 1853 1260 1883 meo
1281 1841 1417 1883 codice
1448 1852 1530 1881 non
1560 1888 1567 1898 Ι

224 1926 356 1967 pauca
386 1925 555 1966 prorsus
585 1912 708 1953 aliter
740 1911 895 1962 scripta
924 1911 1055 1950 crant.

306 1978 549 2020 VIIC—CV
585 1978 729 2019 eadem
766 1987 892 2016 manu
930 1986 960 2014 s.
990 1973 1185 2014 XI—XII
1229 1973 1388 2025 scripta
1433 1975 1530 2014 sunt

226 2048 459 2086 atramento
496 2044 600 2085 flavo
637 2048 680 2085 et
714 2043 801 2083 fere
837 2039 1012 2082 evanido
1048 2039 1201 2082 litteris
1239 2038 1530 2080 minutissimis

225 2112 265 2152 111
297 2111 535 2151 membrana
565 2110 765 2162 pessima,
795 2108 962 2160 qualem
992 2106 1041 2147 de
1072 2105 1317 2158 Burgundia
1352 2104 1530 2157 petitam

228 2175 425 2218 describit
465 2176 705 2227 Anonymus
746 2173 970 2214 Bernensis
1009 2172 1059 2213 de
1098 2171 1235 2213 clarea
1275 2172 1413 2223 (quem
1454 2169 1531 2210 sub

229 2240 449 2293 Theophili
470 2240 621 2292 Ilgiani
643 2239 795 2280 calcem
816 2238 927 2279 edidi
948 2238 989 2278 in
1009 2237 1132 2278 libro:
1155 2235 1532 2286 Quellenschriften

228 2308 294 2347 fur
338 2305 732 2357 Kunstgeschichte,
779 2304 841 2345 ed.
882 2303 1143 2355 Eitelberger
1186 2313 1264 2342 von
1310 2300 1532 2351 Edelberg,
