1643 2574
234 195 310 233 140
619 198 839 234 CARMINA
862 197 999 232 MEDII
1022 197 1145 232 AEVI.

284 311 373 353 Hoc
402 311 482 352 iter
511 313 574 352 est
603 309 770 362 peditis,
801 309 836 350 si
866 308 1029 361 quando
1058 308 1196 360 pergit
1225 307 1267 348 in
1296 306 1471 358 hostem,

341 376 510 418 Ordinis
541 373 749 417 adfinem
780 387 955 427 cumque
984 385 1125 415 meare
1152 376 1304 425 potest.

286 443 395 484 Nam
424 442 482 483 sic
514 442 790 483 concordant:
823 440 990 492 obliquo
1020 440 1202 489 tramite⁷
1234 437 1342 480 desit

231 521 273 553 70
342 509 402 551 Ut
433 509 467 550 si
497 509 655 559 regina,
687 506 752 548 hic
782 506 892 559 quod
921 509 963 547 et
994 506 1066 546 illa
1095 508 1232 557 queat.

286 576 365 616 Ast
395 586 502 626 quos
532 574 688 615 uicinos
719 573 900 614 dominis
930 583 1165 623 curuosque
1194 569 1351 620 notaui,

342 640 602 681 Transuerso
633 651 759 680 cursu
788 642 853 680 sat
881 638 969 680 loca
998 649 1132 690 pauca
1163 640 1326 689 petunt.

288 707 469 748 Istorum
498 705 626 746 fuerit
655 704 814 756 positus
842 716 923 756 quo
952 703 1127 755 quisque
1157 701 1306 752 colore,

343 771 480 812 Primo
510 770 754 811 dissimilem
783 782 864 811 non
895 768 1120 821 aliquando
1152 771 1260 820 pete.

239 850 280 883 τε,
293 838 394 879 Post
425 837 599 889 primam
631 835 818 877 tabulam
847 847 939 876 mox
969 834 1016 876 tit
1047 834 1123 876 tibi
1152 833 1282 875 tertia
1313 832 1444 880 sedes,

347 903 438 952 Qua
469 902 515 943 fit
546 902 728 954 reginae.
758 901 949 942 dissonus
980 899 1049 941 ille
1080 900 1161 940 uia.

288 969 517 1010 Praeterea
547 980 692 1009 cursus
721 967 881 1019 equites
911 978 1117 1019 gyrosque
1147 965 1371 1015 facessunt,

344 1035 450 1076 Sunt
481 1033 630 1085 quibus
661 1033 819 1084 obliqui
849 1031 1182 1084 multiplicesque
1211 1030 1393 1082 gradus:

290 1101 399 1142 Dum
431 1100 607 1152 primam
638 1100 778 1140 sedem
808 1099 996 1151 quisquis
1026 1097 1252 1138 contemnit
1281 1107 1436 1146 eorum,

235 1178 277 1212 80
346 1166 534 1207 Discolor
562 1179 585 1207 a
616 1165 748 1218 prima
778 1164 905 1205 tertia
935 1163 1044 1216 cepit
1073 1174 1179 1204 eum.

295 1232 361 1274 Sic
392 1232 631 1273 alternatim
663 1235 777 1271 tenet
806 1229 915 1270 hunc
945 1229 1144 1280 illumque
1174 1227 1364 1277 colorem,

347 1297 572 1348 Quaelibet
602 1301 648 1337 ut
680 1308 828 1337 cursus
858 1307 946 1336 esse
977 1293 1132 1335 tabella
1161 1297 1300 1346 queat.

295 1365 349 1404 At
380 1362 530 1404 rochus
560 1374 720 1414 semper
749 1361 937 1414 procedit
966 1360 1135 1401 tramite
1165 1364 1277 1400 recto

347 1429 490 1481 thue
520 1429 644 1470 datur
674 1429 794 1477 ratio,
825 1427 1002 1479 porrigit
1032 1426 1102 1467 ille
1130 1425 1319 1477 gradum.

237 1506 278 1540 s,
295 1498 505 1545 Quattuor
535 1495 576 1535 in
608 1498 746 1547 partes
775 1505 967 1545 gressum
997 1491 1237 1533 distendere
1266 1490 1329 1531 fas
1359 1493 1422 1531 est

348 1561 470 1612 Itque
502 1572 581 1601 11110
612 1572 737 1601 cursu
768 1563 857 1600 tota
887 1570 1026 1599 meare
1055 1557 1156 1598 loca.

296 1626 351 1667 lli
381 1630 592 1667 certamen
624 1625 778 1666 habent
809 1625 1054 1676 equitesque
1084 1635 1157 1675 per
1185 1621 1353 1662 horrida
1375 1619 1493 1671 bella,

349 1692 418 1742 Ut,
452 1692 486 1732 si
517 1692 741 1741 defuerint,
774 1690 932 1742 praelia
963 1700 1093 1741 paene
1124 1688 1289 1729 cadant.

295 1759 343 1799 In
375 1758 523 1810 quibus
555 1763 596 1799 et
626 1757 798 1808 reliquis
829 1759 944 1796 extat
974 1753 1162 1795 custodia
1192 1752 1360 1795 sollers:

239 1837 280 1870 90
349 1823 614 1865 Inconsultus
644 1823 752 1864 enim
783 1822 942 1874 praelia
971 1832 1091 1861 nemo
1122 1819 1240 1871 petit.

296 1891 456 1942 Cuique
478 1890 601 1931 datur
623 1893 775 1939 custos,
798 1900 849 1928 ne
867 1888 1077 1928 incautum
1094 1884 1270 1925 uulnera
1285 1885 1493 1925 sternant:

351 1957 485 2007 Solus,
517 1956 613 2007 heu,
643 1954 778 2005 facile.
809 1954 844 1995 si
874 1956 990 2006 petat
1020 1963 1135 2001 arua,
1166 1950 1263 1992 ruit.

331 2094 371 2128 V.
396 2095 437 2127 74
475 2105 545 2127 non
581 2093 609 2126 B
640 2104 725 2126 nani
762 2092 800 2125 A.
848 2092 889 2124 75)
920 2090 1035 2123 tercia
1065 2089 1136 2122 AB.
1185 2088 1225 2121 76
1258 2086 1334 2129 uia]
1368 2085 1449 2119 uiae
1480 2083 1550 2118 AB.

242 2151 283 2185 77
320 2151 486 2194 preterea
522 2149 550 2181 A
585 2147 749 2191 aequites
784 2146 814 2179 A
838 2145 1007 2189 girosque
1044 2143 1113 2177 AB.
1174 2144 1215 2176 79
1251 2139 1477 2185 contempnit
1510 2139 1552 2172 A.

241 2206 284 2239 80
309 2204 421 2239 tercia
446 2204 476 2236 A
501 2203 596 2247 cepit
622 2203 719 2245 eum]
746 2200 864 2244 carpit
888 2211 970 2233 euni
996 2200 1026 2232 A
1073 2197 1190 2241 carpit
1222 2197 1292 2230 iter
1315 2195 1354 2229 B.
1400 2195 1440 2229 81
1466 2193 1552 2228 hunc

244 2261 283 2294 B.
318 2260 361 2294 84
384 2259 481 2293 racio
506 2258 577 2291 AB.
609 2260 650 2291 85
676 2259 832 2301 quatuor
857 2256 894 2289 B.
932 2255 973 2288 37
999 2254 1060 2297 Hi]
1085 2253 1144 2286 hic
1168 2251 1228 2285 AB
1253 2250 1486 2294 aequitesque
1510 2248 1550 2282 A.

243 2316 285 2349 88
310 2314 448 2359 proelia
471 2313 499 2346 B
546 2324 636 2357 pene
661 2313 691 2345 A
738 2322 851 2356 poene
878 2310 903 2343 B
951 2309 1087 2344 cadunt
1112 2309 1152 2341 A.
1199 2308 1240 2341 90
1266 2305 1405 2349 proelia
1428 2303 1467 2337 B.
