1643 2574
548 170 728 205 VERsVS
750 169 812 205 DE
835 170 1022 206 HERICO.
1387 162 1435 201 91

182 280 346 333 Lugere
376 279 508 321 multo
537 280 740 333 grauique
771 292 865 322 cum
895 280 1074 333 gemitu3

183 345 328 388 Ciuem
357 345 562 388 famosum
591 344 810 398 perdidisti
839 346 968 387 nobili

179 411 378 454 Germine
408 415 555 453 natum
585 411 782 463 claroque
813 411 863 452 de
893 412 1110 465 sanguine.
1399 422 1439 455 15

233 509 422 551 Barbara
451 509 595 561 lingua
625 508 916 560 Stratiburgus
946 508 1120 558 diceris3

181 575 290 618 Olim
320 575 430 628 quod
459 586 609 616 nomen
640 574 817 615 amisisti
846 573 1020 625 celebre,

180 641 270 683 Hoc
301 652 376 693 ego
406 640 482 682 tibi
512 639 676 681 reddidi
706 639 967 680 mellisonum

182 707 317 749 Amici
347 707 478 748 dulcis
507 706 556 748 ob
587 718 790 757 amorem,
823 706 895 758 qui
925 705 1006 747 fuit

182 773 312 814 Lacte
341 773 526 814 nutritus
555 773 673 814 iuxta
702 771 857 813 flumen
887 771 1082 822 Quirnea.
1399 782 1441 816 20

238 859 522 902 Ecclesiarum
552 860 695 913 largus
724 860 767 900 in
798 859 996 910 donariis,

183 926 418 979 Pauperum
449 929 586 978 pater,
617 925 782 967 miseris
811 925 1056 973 subsidium,

183 991 262 1033 Hic
293 991 516 1032 uiduarum
546 1003 708 1033 summa
738 991 964 1032 consolatio

185 1057 308 1108 Erat,
340 1069 464 1109 quam
494 1057 608 1098 mitis
639 1068 760 1098 carus
790 1056 1090 1108 sacerdotibus,

184 1123 339 1165 Potens
368 1123 409 1164 in
440 1123 587 1174 armis,
619 1123 784 1164 subtilis
815 1123 995 1175 ingenio.
1401 1133 1442 1167 25

240 1211 450 1253 Barbaras
480 1214 627 1263 gentes
658 1211 818 1252 domuit
848 1211 1130 1261 saeuissimaS,

184 1277 325 1331 Cingit
356 1289 460 1330 quas
491 1276 650 1328 Draua,
681 1276 862 1318 recludit
892 1276 1119 1323 Danubius,

185 1343 334 1386 Celant
364 1355 469 1395 quas
498 1342 619 1384 iunco
650 1342 824 1395 paludes
853 1342 1097 1394 Maeotides,

184 1409 307 1450 Ponti
338 1412 504 1450 coartat
533 1420 637 1461 quas
667 1409 778 1449 unda
814 1407 1001 1459 salsiflui,

182 1475 491 1517 Dalmatiarum
523 1475 674 1528 quibus
706 1475 847 1516 obstat
877 1475 1095 1516 terminus.
1398 1486 1440 1520 :30

238 1574 391 1616 Turres
423 1573 652 1625 Stratonis,
682 1573 828 1615 limitis
859 1574 1126 1626 principium,

184 1639 380 1693 Scythiae
409 1642 559 1691 metas,
591 1639 881 1692 Thraciaeque
912 1640 1138 1690 cardinem,

182 1705 218 1746 A
249 1717 292 1747 se
322 1708 560 1758 sequestrat
588 1709 767 1757 utraque
797 1704 987 1757 confinia,

181 1771 297 1813 Haec
316 1772 472 1813 Austro
492 1771 645 1823 reddit,
666 1771 768 1813 haec
788 1770 973 1813 refundit
995 1771 1166 1821 Boreae,

182 1836 334 1878 Tendit
363 1837 415 1878 ad
436 1841 598 1890 portas,
630 1849 737 1890 quae
757 1836 953 1878 dicuntur
974 1835 1164 1889 Caspiae.
1400 1848 1441 1881 :35

236 1934 438 1988 Libycum
468 1934 589 1986 litus,
620 1946 700 1987 quo
731 1935 969 1976 redundant
999 1935 1145 1985 maria,

180 1999 300 2042 Mons
329 2001 513 2053 inimice,
544 2000 784 2043 Laurentus
816 2001 887 2053 qui
917 2001 1081 2052 diceris,

214 2132 255 2166 V.
282 2133 321 2166 14
346 2132 478 2166 nobile.
516 2133 556 2166 17
581 2133 770 2168 admisisti.
809 2133 849 2167 18
873 2132 975 2167 melli
999 2132 1062 2167 fini
1087 2143 1223 2168 sonum.
1263 2134 1301 2167 19
1326 2133 1439 2167 amice

127 2198 260 2222 amore.
308 2187 347 2221 21
374 2187 632 2222 Acclesiarum.
679 2188 720 2222 24
751 2189 868 2222 karus.
909 2188 950 2221 26
974 2187 1189 2222 senissimas.
1224 2189 1265 2222 27
1290 2188 1440 2222 drauua.

126 2242 168 2276 28
193 2243 286 2277 celat
332 2243 476 2287 palutes
508 2243 695 2278 meotides.
735 2244 776 2278 29
801 2243 949 2287 pontico
982 2244 1134 2277 coartat.
1173 2244 1213 2277 31
1240 2244 1442 2277 turnestra-

126 2298 224 2332 tonis
247 2297 394 2331 limidis.
433 2297 475 2332 32
498 2297 603 2332 sitiae
626 2299 742 2332 metra
774 2298 903 2332 stratia
936 2298 998 2342 qui
1029 2298 1221 2332 cardinem.
1256 2298 1297 2331 34
1321 2298 1429 2331 boree

125 2351 341 2387 361ibicum
389 2352 578 2387 redundet.
616 2352 657 2386 37
682 2352 831 2386 inimici.
