1643 2574
220 152 271 191 98
606 159 823 194 CARMINA
849 160 986 194 MEDII
1009 161 1106 195 AEV
1107 161 1132 195 1.

272 270 483 320 Quassans
512 270 734 322 praecipiti
765 270 970 311 dissoluat
1000 271 1168 312 turbine
1197 271 1301 313 finis.

272 335 410 388 Dilige
440 335 701 387 pauperiem,
733 335 946 377 mordaces
977 336 1112 390 effuge
1142 348 1279 387 gazas.

271 401 366 442 Non
395 401 573 442 redeunt
603 401 767 453 cupidis
797 405 891 454 post
921 402 1057 443 carnis
1089 402 1226 444 dulcia
1255 402 1457 444 flammas.

272 467 444 519 Porrige
475 467 662 519 poscenti
694 467 853 508 uictum
884 468 950 508 uel
983 472 1157 520 contege
1188 468 1343 510 nudum

219 543 259 577 lo
272 533 328 573 Et
358 536 399 574 te
428 537 521 585 post
552 533 710 573 obitum
741 533 799 574 sic
830 533 930 575 talia
958 533 1069 576 facta
1099 534 1294 576 beabunt.

271 598 474 648 Quamuis
504 599 751 651 perspicuus
782 611 885 640 auro
917 600 1174 652 gemmisque
1204 601 1399 651 nitescas,

269 664 434 717 Pauper
465 668 506 705 et
537 665 712 717 exiguus
744 664 824 706 ibis
855 669 897 706 et
926 665 1061 706 nudus
1092 665 1144 706 ad
1174 666 1353 707 umbras.

267 730 315 771 Id
346 730 481 771 solum
511 734 650 772 tecum
682 737 778 783 post
808 732 958 772 mortis
988 731 1077 772 fata
1108 732 1304 782 manebit,

268 795 386 845 Quod
416 796 544 848 bene⁷
574 797 683 849 quod
713 797 843 848 iuste,
877 797 987 849 quod
1018 801 1129 839 recte
1158 797 1305 839 feceris
1335 798 1436 850 ipse.

790 1015 938 1057 LYIII.

593 1114 673 1164 Qui
705 1114 860 1166 signati
892 1115 994 1156 estis
1026 1114 1203 1165 Christo,

538 1180 791 1221 Mementote
822 1181 1083 1233 repromisso„

537 1245 657 1295 Quod
688 1246 884 1287 daturum
917 1259 959 1287 se
991 1247 1032 1287 in
1064 1246 1176 1287 caelo

537 1312 665 1353 Vobis
696 1312 799 1353 dixit
830 1313 871 1353 in
902 1312 1054 1354 futuro.

229 1390 247 1421 5
592 1378 753 1419 Abicite
784 1391 895 1419 uana
924 1378 1048 1431 loqui.

592 1466 796 1508 IIabetote
827 1468 868 1507 in
900 1471 1123 1519 prospectu

534 1532 787 1573 Reddituros
819 1545 893 1574 uos
925 1533 975 1574 de
1006 1537 1102 1574 actu

536 1598 754 1640 Rationem
787 1611 925 1639 coram
957 1599 1047 1647 (100,

535 1663 616 1712 Qui
647 1668 850 1706 uenturus
880 1668 943 1705 est
974 1678 994 1705 0
1027 1665 1152 1706 caelo.

206 1739 244 1771 10
587 1729 748 1771 Abicite
781 1743 887 1771 uana
919 1731 1044 1783 loqui.

590 1816 676 1858 Hoc
707 1817 756 1858 (le
787 1817 925 1859 uerbis
955 1818 1100 1859 otiosis

532 1882 646 1924 Idem
676 1882 827 1925 clamat
857 1883 897 1923 in
930 1883 1160 1935 scripturis.

298 2015 334 2048 V.
360 2020 380 2047 ‘1'
403 2026 471 2058 seq.
498 2016 571 2049 Hic
596 2020 644 2050 est
670 2016 758 2050 ordo
790 2016 828 2049 in
853 2016 905 2049 B:
937 2027 965 2049 φτ.
991 2020 1021 2057 6,
1045 2020 1075 2057 9,
1101 2018 1152 2057 10,
1180 2018 1207 2056 7,
1230 2018 1262 2057 8,
1289 2018 1325 2047 11
1356 2014 1515 2049 dis-solua,

204 2070 231 2102 B
288 2071 306 2103 7
332 2070 502 2104 mortales
538 2071 657 2114 effuge
687 2072 715 2104 B
748 2071 946 2113 mordaces]
972 2081 1049 2104 mor
1083 2071 1121 2103 in
1144 2080 1214 2103 ras,
1242 2071 1271 2103 A
1329 2070 1348 2103 8
1380 2081 1453 2104 non
1486 2068 1513 2102 B

203 2137 287 2159 nam
312 2126 341 2158 A
387 2125 545 2158 reddunt
579 2126 637 2158 AB
699 2136 728 2159 r.
754 2129 776 2157 δ’
801 2129 831 2158 et
856 2130 876 2157 9
900 2126 938 2158 in
962 2125 996 2158 A
1028 2125 1186 2169 maryinaei
1213 2123 1389 2167 adscripti
1418 2127 1513 2164 semet,

201 2191 230 2212 v.
255 2183 275 2212 9
298 2179 468 2222 repetitus
493 2180 631 2213 ibidem.
669 2182 689 2214 9
707 2207 713 2213 .
733 2207 739 2213 .
759 2182 861 2224 .tege
888 2181 917 2214 A
969 2181 1009 2213 123
1034 2181 1130 2214 facta
1157 2180 1218 2213 AB
1243 2179 1447 2213 manebunt-
1471 2180 1513 2212 A.

290 2233 414 2267 LVIII.
442 2233 524 2267 Cod.
543 2235 650 2268 Rern.
668 2238 733 2267 455
757 2246 782 2269 s.
807 2235 845 2268 X
866 2236 890 2277 f.
910 2239 983 2267 25³¹-
1011 2234 1155 2268 Primae
1179 2234 1348 2277 strophae
1364 2243 1512 2267 neumae

202 2292 287 2322 sunt
310 2289 582 2331 superscriptae.

289 2342 329 2376 V.
355 2344 374 2376 6
398 2342 577 2377 Habeto'¹·.
629 2345 665 2377 11
691 2345 825 2379 ociosis.
