1643 2574
807 393 879 435 ΙΙΙ.

383 481 881 528 ARGVMENTORVM
912 476 1308 524 CONSPEGTVS.

682 581 723 614 A.
748 577 1010 614 HISTORICA.

172 673 224 706 De
249 672 395 706 Tadone
417 671 463 705 II.
486 670 564 704 VII.

173 728 224 761 De
249 727 390 762 Sofrido
414 725 480 760 III.

173 783 224 816 De
249 780 443 816 Hlothario
467 779 530 813 IV.
555 778 596 812 V.

173 837 225 870 De
249 835 442 870 Leodfrido
467 833 566 867 VIII.

173 892 224 925 De
249 890 421 924 Aelfredo
446 889 506 923 IX.
531 888 572 922 X.

173 947 224 981 De
250 945 378 980 Carolo
402 954 485 988 rege
509 941 674 976 XXVIII.
705 940 827 974 LXXI.

218 999 373 1034 LXXIV.
399 997 539 1031 LXXV.

173 1054 306 1089 Versus
342 1052 534 1087 Fortunati
571 1051 617 1085 ad
653 1049 829 1094 Chilperi-

218 1121 297 1144 cum
322 1109 398 1142 LII.

174 1165 225 1199 De
250 1164 378 1198 Herico
402 1161 492 1196 LIV.

173 1220 224 1253 De
249 1218 395 1252 eeclesia
412 1216 562 1251 Martini
581 1214 830 1249 Massiacensis

222 1274 340 1308 LXVI.

175 1329 225 1363 De
251 1328 374 1362 Iudith
399 1326 529 1369 regina
554 1324 709 1358 LXXVI.

175 1384 225 1417 De
250 1382 394 1415 Alc-uini
420 1392 520 1415 servo
546 1378 720 1413 LXXVII.

175 1436 428 1472 Pammene-us
466 1435 512 1469 ad
549 1433 830 1469 Constantinum

220 1492 376 1526 LXXIX.

177 1546 433 1581 Pai‘aeneticus
445 1544 490 1578 ad
500 1544 682 1578 Bovonem
693 1542 831 1575 LXXX.

176 1601 433 1637 Paraeneticus
457 1599 503 1633 ad
528 1597 743 1633 Gaufridum
761 1596 832 1630 IIC.

177 1656 415 1702 Epitaphium
428 1653 587 1688 XVisordi
601 1651 833 1686 Carnotensis

222 1711 379 1746 LXXXI.

863 665 1100 710 Epitaphium
1124 663 1273 698 Henrioi
1295 662 1402 707 primi

907 719 1067 754 CXVIII.

864 774 1102 820 Epitaphium
1136 771 1326 807 Mathildis
1363 772 1519 815 impera—

906 829 1006 864 tricis
1031 827 1135 862 CXX.
1160 826 1282 861 CXXI.

863 883 1104 928 Epitaphium
1121 881 1286 916 Rollouis
1311 880 1412 914 ducis
1429 880 1519 914 Nor-

907 948 1123 972 mannoruin
1149 935 1340 977 CXXXVI,
1365 937 1394 968 4.

865 994 915 1028 De
949 992 1138 1037 epitaphio
1169 990 1339 1025 Iohannis
1375 989 1519 1024 abbatis

908 1047 1001 1082 CIII.

864 1102 916 1136 De
941 1101 1066 1135 Orosio
1097 1102 1135 1135 et
1167 1100 1305 1134 Iustino
1334 1097 1520 1142 (Pompeio

910 1156 1044 1201 Trogo)
1075 1154 1300 1189 LXXXVIII.

868 1212 918 1246 De
943 1211 1073 1246 Ovidio
1098 1210 1245 1244 Nasone
1269 1206 1462 1242 CXXXIII.

865 1267 917 1301 De
942 1266 1126 1300 Clemente
1149 1263 1218 1299 XC.

866 1322 988 1355 Passio
999 1319 1166 1353 Mauricii
1179 1320 1215 1352 et
1230 1317 1407 1352 sociorum
1417 1314 1524 1349 VIIC.

868 1376 919 1410 De
944 1385 1026 1420 rege
1051 1373 1204 1419 Anglico
1229 1371 1354 1407 CVIII.

867 1430 917 1465 De
942 1428 1224 1464 carnotensibus
1249 1426 1337 1462 CIX.

868 1485 922 1520 Ad
955 1484 1151 1519 Henricum
1184 1482 1401 1515 XVintonum
1433 1479 1525 1524 epis-

911 1551 1041 1583 copum
1065 1537 1154 1572 CXI.

869 1594 1037 1628 Laudi-ici
1062 1603 1184 1626 versus
1207 1590 1366 1625 CXXIII.

571 1807 608 1840 B.
636 1803 868 1839 LITTERAE
893 1802 951 1836 ET
975 1800 1136 1835 ARTES.

179 1898 417 1942 Epigramma
442 1894 559 1939 operis
586 1892 644 1926 XI.

179 1954 229 1987 De
253 1950 423 1985 carminis
447 1948 687 1994 impeditione
708 1946 804 1979 XIII.

179 2008 230 2042 De
254 2005 402 2050 navigio
428 2006 463 2038 et
487 2002 716 2047 agricultura
740 2000 834 2034 XIV.

181 2063 232 2096 De
249 2059 517 2095 construetione
535 2058 660 2091 domus
678 2055 743 2090 Dei
760 2055 835 2089 XV.

180 2117 232 2151 De
256 2115 487 2149 arithmetica
513 2112 607 2146 XVI.

182 2172 233 2206 De
258 2170 394 2204 musica
418 2167 530 2202 XVII.

184 2227 234 2260 De
259 2223 483 2259 astronomia
508 2221 639 2255 XVIII.

119 2310 122 2312 .
187 2282 234 2315 De
259 2278 462 2323 geometria
487 2277 581 2310 XIX.

184 2336 234 2370 De
271 2334 355 2368 ludo
396 2332 605 2366 scachorum
640 2328 815 2363 LXXXII.

230 2387 420 2422 LXXXIII.

871 1890 922 1923 De
945 1889 1032 1922 ludo
1057 1887 1267 1921 tabularum
1290 1883 1482 1918 LXXXIV.

871 1945 921 1978 De
957 1943 1021 1976 XX
1058 1941 1273 1977 Christianis
1309 1942 1345 1974 et
1386 1937 1526 1972 Iudaeis

915 1997 1087 2032 LXXXV.

872 2053 922 2087 De
947 2051 1081 2086 circulo
1106 2050 1230 2084 livello
1255 2047 1447 2082 LXXXVI.

872 2108 922 2142 Do
946 2107 1165 2151 symphonia
1188 2103 1397 2139 LXXXVII.

872 2163 923 2196 De
948 2161 1137 2195 scribendo
1163 2158 1249 2193 IXC.

874 2219 923 2252 De
947 2216 1080 2250 litteris
1103 2213 1265 2258 mysticis
1289 2210 1445 2246 CXXIX.

873 2272 924 2306 De
948 2270 1131 2304 mensibus
1155 2268 1280 2302 VIIIC.
