<?xml version="1.0" encoding="UTF-8"?>
<!DOCTYPE html PUBLIC "-//W3C//DTD XHTML 1.0 Transitional//EN"
    "http://www.w3.org/TR/xhtml1/DTD/xhtml1-transitional.dtd">
<html xmlns="http://www.w3.org/1999/xhtml" xml:lang="en" lang="en">
 <head>
  <title>
</title>
<meta http-equiv="Content-Type" content="text/html;charset=utf-8" />
  <meta name='ocr-system' content='tesseract 3.04.00' />
  <meta name='ocr-capabilities' content='ocr_page ocr_carea ocr_par ocr_line ocrx_word'/>
</head>
<body>
  <div class='ocr_page' id='page_1' title='image "./carminamediiaevi00domuuoft_0257.png"; bbox 0 0 1643 2574; ppageno 0'>
   <div class='ocr_carea' id='block_1_1' title="bbox 467 414 1121 557">
    <p class='ocr_par' dir='ltr' id='par_1_1' title="bbox 467 414 1121 557">
     <span class='ocr_line' id='line_1_1' title="bbox 764 414 818 455; baseline 0 0"><span class='ocrx_word' id='word_1_1' title='bbox 764 414 818 455; x_wconf 92' lang='lat' dir='ltr'>II.</span> 
     </span>
     <span class='ocr_line' id='line_1_2' title="bbox 467 511 1121 557; baseline -0.003 0"><span class='ocrx_word' id='word_1_2' title='bbox 467 513 827 557; x_wconf 77' lang='lat' dir='ltr'>CARMINVM</span> <span class='ocrx_word' id='word_1_3' title='bbox 867 511 1121 556; x_wconf 80' lang='lat' dir='ltr'>INITIA.</span> 
     </span>
    </p>
   </div>
   <div class='ocr_carea' id='block_1_2' title="bbox 510 588 1084 623">
    <p class='ocr_par' dir='ltr' id='par_1_2' title="bbox 510 588 1084 623">
     <span class='ocr_line' id='line_1_3' title="bbox 510 588 1084 623; baseline -0.003 -7"><span class='ocrx_word' id='word_1_4' title='bbox 510 589 647 623; x_wconf 85' lang='lat' dir='ltr'>(Omissa</span> <span class='ocrx_word' id='word_1_5' title='bbox 665 590 736 616; x_wconf 86' lang='lat' dir='ltr'>sunt</span> <span class='ocrx_word' id='word_1_6' title='bbox 754 590 896 616; x_wconf 75' lang='lat' dir='ltr'>carmina</span> <span class='ocrx_word' id='word_1_7' title='bbox 914 588 1084 621; x_wconf 83' lang='lat' dir='ltr'>mutilata.)</span> 
     </span>
    </p>
   </div>
   <div class='ocr_carea' id='block_1_3' title="bbox 118 678 772 875">
    <p class='ocr_par' dir='ltr' id='par_1_3' title="bbox 118 678 772 875">
     <span class='ocr_line' id='line_1_4' title="bbox 118 678 684 713; baseline -0.004 0"><span class='ocrx_word' id='word_1_8' title='bbox 118 679 145 713; x_wconf 92' lang='grc' dir='ltr'>Α</span> <span class='ocrx_word' id='word_1_9' title='bbox 168 679 250 713; x_wconf 86' lang='lat' dir='ltr'>solis</span> <span class='ocrx_word' id='word_1_10' title='bbox 275 680 374 713; x_wconf 86' lang='lat' dir='ltr'>ortus</span> <span class='ocrx_word' id='word_1_11' title='bbox 398 678 544 712; x_wconf 76' lang='lat' dir='ltr'>cardine</span> <span class='ocrx_word' id='word_1_12' title='bbox 572 678 684 712; x_wconf 85' lang='lat' dir='ltr'>XXII.</span> 
     </span>
     <span class='ocr_line' id='line_1_5' title="bbox 118 732 706 768; baseline -0.002 -2"><span class='ocrx_word' id='word_1_13' title='bbox 118 733 175 767; x_wconf 88' lang='lat' dir='ltr'>Ad</span> <span class='ocrx_word' id='word_1_14' title='bbox 199 733 290 768; x_wconf 85' lang='lat' dir='ltr'>caeli</span> <span class='ocrx_word' id='word_1_15' title='bbox 314 734 412 768; x_wconf 77' lang='lat' dir='ltr'>clara</span> <span class='ocrx_word' id='word_1_16' title='bbox 435 744 507 767; x_wconf 88' lang='lat' dir='ltr'>non</span> <span class='ocrx_word' id='word_1_17' title='bbox 531 744 610 766; x_wconf 86' lang='lat' dir='ltr'>sum</span> <span class='ocrx_word' id='word_1_18' title='bbox 636 732 706 765; x_wconf 86' lang='lat' dir='ltr'>LX.</span> 
     </span>
     <span class='ocr_line' id='line_1_6' title="bbox 118 785 772 831; baseline -0.002 -11"><span class='ocrx_word' id='word_1_19' title='bbox 118 787 175 820; x_wconf 90' lang='lat' dir='ltr'>Ad</span> <span class='ocrx_word' id='word_1_20' title='bbox 200 797 325 821; x_wconf 80' lang='lat' dir='ltr'>cenam</span> <span class='ocrx_word' id='word_1_21' title='bbox 350 787 437 831; x_wconf 81' lang='lat' dir='ltr'>agni</span> <span class='ocrx_word' id='word_1_22' title='bbox 461 786 606 830; x_wconf 86' lang='lat' dir='ltr'>prouidi</span> <span class='ocrx_word' id='word_1_23' title='bbox 628 785 772 819; x_wconf 81' lang='lat' dir='ltr'>XXVII.</span> 
     </span>
     <span class='ocr_line' id='line_1_7' title="bbox 118 841 750 875; baseline -0.003 0"><span class='ocrx_word' id='word_1_24' title='bbox 118 841 345 875; x_wconf 78' lang='lat' dir='ltr'>Admiranda</span> <span class='ocrx_word' id='word_1_25' title='bbox 368 841 459 875; x_wconf 87' lang='lat' dir='ltr'>mihi</span> <span class='ocrx_word' id='word_1_26' title='bbox 484 852 584 875; x_wconf 87' lang='lat' dir='ltr'>mens</span> <span class='ocrx_word' id='word_1_27' title='bbox 608 842 663 875; x_wconf 85' lang='lat' dir='ltr'>est</span> <span class='ocrx_word' id='word_1_28' title='bbox 691 841 750 874; x_wconf 89' lang='lat' dir='ltr'>IX.</span> 
     </span>
    </p>
   </div>
   <div class='ocr_carea' id='block_1_4' title="bbox 48 895 773 930">
    <p class='ocr_par' dir='ltr' id='par_1_4' title="bbox 48 895 773 930">
     <span class='ocr_line' id='line_1_8' title="bbox 48 895 773 930; baseline -0.001 0"><span class='ocrx_word' id='word_1_29' title='bbox 48 908 53 911; x_wconf 87' lang='lat'>·</span> <span class='ocrx_word' id='word_1_30' title='bbox 120 896 277 930; x_wconf 86' lang='lat' dir='ltr'>Aeterna</span> <span class='ocrx_word' id='word_1_31' title='bbox 287 896 421 930; x_wconf 72' lang='lat' dir='ltr'>Christi</span> <span class='ocrx_word' id='word_1_32' title='bbox 434 907 584 930; x_wconf 87' lang='lat' dir='ltr'>munera</span> <span class='ocrx_word' id='word_1_33' title='bbox 593 895 773 929; x_wconf 84' lang='lat' dir='ltr'>XXXVII.</span> 
     </span>
    </p>
   </div>
   <div class='ocr_carea' id='block_1_5' title="bbox 117 950 776 1588">
    <p class='ocr_par' dir='ltr' id='par_1_5' title="bbox 117 950 776 1588">
     <span class='ocr_line' id='line_1_9' title="bbox 117 950 743 985; baseline -0.003 0"><span class='ocrx_word' id='word_1_34' title='bbox 117 951 272 985; x_wconf 89' lang='lat' dir='ltr'>Aeterne</span> <span class='ocrx_word' id='word_1_35' title='bbox 298 962 357 985; x_wconf 72' lang='lat' dir='ltr'>rex</span> <span class='ocrx_word' id='word_1_36' title='bbox 382 951 557 985; x_wconf 75' lang='lat' dir='ltr'>altissime</span> <span class='ocrx_word' id='word_1_37' title='bbox 582 950 743 983; x_wconf 85' lang='lat' dir='ltr'>XXXIX.</span> 
     </span>
     <span class='ocr_line' id='line_1_10' title="bbox 118 1005 651 1049; baseline -0.006 -9"><span class='ocrx_word' id='word_1_38' title='bbox 118 1005 258 1040; x_wconf 77' lang='lat' dir='ltr'>Alacris</span> <span class='ocrx_word' id='word_1_39' title='bbox 283 1006 369 1040; x_wconf 87' lang='lat' dir='ltr'>fides</span> <span class='ocrx_word' id='word_1_40' title='bbox 393 1005 552 1049; x_wconf 84' lang='lat' dir='ltr'>tropaeis</span> <span class='ocrx_word' id='word_1_41' title='bbox 576 1005 651 1038; x_wconf 89' lang='lat' dir='ltr'>XV.</span> 
     </span>
     <span class='ocr_line' id='line_1_11' title="bbox 118 1060 686 1105; baseline -0.002 -11"><span class='ocrx_word' id='word_1_42' title='bbox 118 1061 375 1105; x_wconf 73' lang='lat' dir='ltr'>Apostolorum</span> <span class='ocrx_word' id='word_1_43' title='bbox 399 1061 519 1104; x_wconf 79' lang='lat' dir='ltr'>passio</span> <span class='ocrx_word' id='word_1_44' title='bbox 543 1060 686 1094; x_wconf 84' lang='lat' dir='ltr'>XXXV.</span> 
     </span>
     <span class='ocr_line' id='line_1_12' title="bbox 118 1114 774 1160; baseline -0.002 -11"><span class='ocrx_word' id='word_1_45' title='bbox 118 1116 375 1160; x_wconf 72' lang='lat' dir='ltr'>Apostolorum</span> <span class='ocrx_word' id='word_1_46' title='bbox 395 1115 595 1159; x_wconf 82' lang='lat' dir='ltr'>principem</span> <span class='ocrx_word' id='word_1_47' title='bbox 612 1114 774 1148; x_wconf 86' lang='lat' dir='ltr'>XXXIV.</span> 
     </span>
     <span class='ocr_line' id='line_1_13' title="bbox 118 1169 650 1215; baseline -0.006 -10"><span class='ocrx_word' id='word_1_48' title='bbox 118 1171 321 1215; x_wconf 72' lang='lat' dir='ltr'>Apparebit</span> <span class='ocrx_word' id='word_1_49' title='bbox 345 1170 536 1214; x_wconf 88' lang='lat' dir='ltr'>repentina</span> <span class='ocrx_word' id='word_1_50' title='bbox 562 1169 650 1202; x_wconf 87' lang='lat' dir='ltr'>LXI.</span> 
     </span>
     <span class='ocr_line' id='line_1_14' title="bbox 118 1223 776 1270; baseline -0.005 -11"><span class='ocrx_word' id='word_1_51' title='bbox 118 1225 218 1259; x_wconf 88' lang='lat' dir='ltr'>Artis</span> <span class='ocrx_word' id='word_1_52' title='bbox 248 1225 478 1270; x_wconf 74' lang='lat' dir='ltr'>praepositae</span> <span class='ocrx_word' id='word_1_53' title='bbox 511 1225 611 1258; x_wconf 82' lang='lat' dir='ltr'>breui</span> <span class='ocrx_word' id='word_1_54' title='bbox 645 1223 776 1258; x_wconf 82' lang='lat' dir='ltr'>notatu</span> 
     </span>
     <span class='ocr_line' id='line_1_15' title="bbox 164 1279 258 1314; baseline 0 -1"><span class='ocrx_word' id='word_1_55' title='bbox 164 1279 258 1314; x_wconf 88' lang='lat' dir='ltr'>XIX.</span> 
     </span>
     <span class='ocr_line' id='line_1_16' title="bbox 118 1333 694 1379; baseline -0.005 -10"><span class='ocrx_word' id='word_1_56' title='bbox 118 1336 255 1379; x_wconf 87' lang='lat' dir='ltr'>Aspera</span> <span class='ocrx_word' id='word_1_57' title='bbox 279 1334 438 1369; x_wconf 81' lang='lat' dir='ltr'>conditio</span> <span class='ocrx_word' id='word_1_58' title='bbox 462 1335 498 1368; x_wconf 87' lang='lat' dir='ltr'>et</span> <span class='ocrx_word' id='word_1_59' title='bbox 521 1345 595 1368; x_wconf 79' lang='lat' dir='ltr'>sors</span> <span class='ocrx_word' id='word_1_60' title='bbox 620 1333 694 1366; x_wconf 87' lang='lat' dir='ltr'>LII.</span> 
     </span>
     <span class='ocr_line' id='line_1_17' title="bbox 119 1388 700 1433; baseline -0.005 -10"><span class='ocrx_word' id='word_1_61' title='bbox 119 1389 216 1423; x_wconf 86' lang='lat' dir='ltr'>Audi</span> <span class='ocrx_word' id='word_1_62' title='bbox 240 1389 397 1433; x_wconf 80' lang='lat' dir='ltr'>benigne</span> <span class='ocrx_word' id='word_1_63' title='bbox 422 1389 587 1423; x_wconf 78' lang='lat' dir='ltr'>eonditor</span> <span class='ocrx_word' id='word_1_64' title='bbox 611 1388 700 1421; x_wconf 88' lang='lat' dir='ltr'>LIX.</span> 
     </span>
     <span class='ocr_line' id='line_1_18' title="bbox 121 1443 546 1487; baseline -0.005 -9"><span class='ocrx_word' id='word_1_65' title='bbox 121 1444 209 1478; x_wconf 89' lang='lat' dir='ltr'>Auis</span> <span class='ocrx_word' id='word_1_66' title='bbox 233 1444 323 1478; x_wconf 82' lang='lat' dir='ltr'>haee</span> <span class='ocrx_word' id='word_1_67' title='bbox 348 1455 485 1487; x_wconf 74' lang='lat' dir='ltr'>magna</span> <span class='ocrx_word' id='word_1_68' title='bbox 508 1443 546 1476; x_wconf 89' lang='lat' dir='ltr'>L.</span> 
     </span>
     <span class='ocr_line' id='line_1_19' title="bbox 119 1498 688 1533; baseline -0.004 -1"><span class='ocrx_word' id='word_1_69' title='bbox 119 1499 241 1533; x_wconf 88' lang='lat' dir='ltr'>Aurea</span> <span class='ocrx_word' id='word_1_70' title='bbox 264 1499 343 1533; x_wconf 81' lang='lat' dir='ltr'>luce</span> <span class='ocrx_word' id='word_1_71' title='bbox 366 1502 403 1533; x_wconf 87' lang='lat' dir='ltr'>et</span> <span class='ocrx_word' id='word_1_72' title='bbox 426 1498 551 1532; x_wconf 84' lang='lat' dir='ltr'>decore</span> <span class='ocrx_word' id='word_1_73' title='bbox 580 1498 688 1531; x_wconf 88' lang='lat' dir='ltr'>XXX.</span> 
     </span>
     <span class='ocr_line' id='line_1_20' title="bbox 121 1553 681 1588; baseline -0.002 -1"><span class='ocrx_word' id='word_1_74' title='bbox 121 1554 210 1587; x_wconf 87' lang='lat' dir='ltr'>Auri</span> <span class='ocrx_word' id='word_1_75' title='bbox 234 1555 426 1588; x_wconf 72' lang='lat' dir='ltr'>stemmate</span> <span class='ocrx_word' id='word_1_76' title='bbox 451 1564 559 1587; x_wconf 86' lang='lat' dir='ltr'>nexas</span> <span class='ocrx_word' id='word_1_77' title='bbox 584 1553 681 1586; x_wconf 85' lang='lat' dir='ltr'>XIII.</span> 
     </span>
    </p>
   </div>
   <div class='ocr_carea' id='block_1_6' title="bbox 122 1640 701 1676">
    <p class='ocr_par' dir='ltr' id='par_1_6' title="bbox 122 1640 701 1676">
     <span class='ocr_line' id='line_1_21' title="bbox 122 1640 701 1676; baseline -0.003 0"><span class='ocrx_word' id='word_1_78' title='bbox 122 1642 178 1676; x_wconf 72' lang='lat' dir='ltr'>Bis</span> <span class='ocrx_word' id='word_1_79' title='bbox 201 1641 272 1676; x_wconf 84' lang='lat' dir='ltr'>duo</span> <span class='ocrx_word' id='word_1_80' title='bbox 296 1653 381 1675; x_wconf 84' lang='lat' dir='ltr'>nam</span> <span class='ocrx_word' id='word_1_81' title='bbox 405 1641 503 1675; x_wconf 85' lang='lat' dir='ltr'>niuei</span> <span class='ocrx_word' id='word_1_82' title='bbox 527 1640 701 1674; x_wconf 89' lang='lat' dir='ltr'>LXXXV.</span> 
     </span>
    </p>
   </div>
   <div class='ocr_carea' id='block_1_7' title="bbox 122 1739 780 2376">
    <p class='ocr_par' dir='ltr' id='par_1_7' title="bbox 122 1739 755 1784">
     <span class='ocr_line' id='line_1_22' title="bbox 122 1739 755 1784; baseline -0.005 -9"><span class='ocrx_word' id='word_1_83' title='bbox 122 1740 225 1775; x_wconf 84' lang='lat' dir='ltr'>Caeli</span> <span class='ocrx_word' id='word_1_84' title='bbox 248 1740 343 1775; x_wconf 79' lang='lat' dir='ltr'>cives</span> <span class='ocrx_word' id='word_1_85' title='bbox 368 1739 585 1784; x_wconf 81' lang='lat' dir='ltr'>adplaudite</span> <span class='ocrx_word' id='word_1_86' title='bbox 611 1739 755 1772; x_wconf 87' lang='lat' dir='ltr'>XXXII.</span> 
     </span>
    </p>

    <p class='ocr_par' dir='ltr' id='par_1_8' title="bbox 122 1793 752 1839">
     <span class='ocr_line' id='line_1_23' title="bbox 122 1793 752 1839; baseline -0.003 -10"><span class='ocrx_word' id='word_1_87' title='bbox 122 1794 292 1830; x_wconf 78' lang='lat' dir='ltr'>Carmina</span> <span class='ocrx_word' id='word_1_88' title='bbox 316 1806 423 1835; x_wconf 80' lang='lat' dir='ltr'>missa</span> <span class='ocrx_word' id='word_1_89' title='bbox 447 1794 570 1839; x_wconf 84' lang='lat' dir='ltr'>grauis</span> <span class='ocrx_word' id='word_1_90' title='bbox 595 1793 752 1828; x_wconf 85' lang='lat' dir='ltr'>CXXVI.</span> 
     </span>
    </p>

    <p class='ocr_par' dir='ltr' id='par_1_9' title="bbox 123 1848 779 1893">
     <span class='ocr_line' id='line_1_24' title="bbox 123 1848 779 1893; baseline -0.005 -9"><span class='ocrx_word' id='word_1_91' title='bbox 123 1849 252 1893; x_wconf 84' lang='lat' dir='ltr'>Cespes</span> <span class='ocrx_word' id='word_1_92' title='bbox 263 1849 454 1893; x_wconf 85' lang='lat' dir='ltr'>puluereus</span> <span class='ocrx_word' id='word_1_93' title='bbox 465 1848 622 1882; x_wconf 78' lang='lat' dir='ltr'>Wifordi</span> <span class='ocrx_word' id='word_1_94' title='bbox 634 1848 779 1882; x_wconf 88' lang='lat' dir='ltr'>LXXXI</span> 
     </span>
    </p>

    <p class='ocr_par' dir='ltr' id='par_1_10' title="bbox 123 1902 780 1992">
     <span class='ocr_line' id='line_1_25' title="bbox 123 1902 780 1943; baseline -0.003 -5"><span class='ocrx_word' id='word_1_95' title='bbox 123 1903 285 1943; x_wconf 88' lang='lat' dir='ltr'>Christe,</span> <span class='ocrx_word' id='word_1_96' title='bbox 325 1906 535 1937; x_wconf 80' lang='lat' dir='ltr'>cunctorum</span> <span class='ocrx_word' id='word_1_97' title='bbox 575 1902 780 1937; x_wconf 84' lang='lat' dir='ltr'>dominator</span> 
     </span>
     <span class='ocr_line' id='line_1_26' title="bbox 166 1958 310 1992; baseline -0.007 0"><span class='ocrx_word' id='word_1_98' title='bbox 166 1958 310 1992; x_wconf 88' lang='lat' dir='ltr'>XLVII.</span> 
     </span>
    </p>

    <p class='ocr_par' dir='ltr' id='par_1_11' title="bbox 123 2012 780 2102">
     <span class='ocr_line' id='line_1_27' title="bbox 123 2012 780 2056; baseline -0.002 -10"><span class='ocrx_word' id='word_1_99' title='bbox 123 2012 265 2047; x_wconf 75' lang='lat' dir='ltr'>Christe</span> <span class='ocrx_word' id='word_1_100' title='bbox 297 2013 503 2046; x_wconf 82' lang='lat' dir='ltr'>sanctorum</span> <span class='ocrx_word' id='word_1_101' title='bbox 535 2012 641 2046; x_wconf 81' lang='lat' dir='ltr'>decus</span> <span class='ocrx_word' id='word_1_102' title='bbox 669 2022 780 2056; x_wconf 83' lang='lat' dir='ltr'>ange-</span> 
     </span>
     <span class='ocr_line' id='line_1_28' title="bbox 167 2067 435 2102; baseline -0.004 -1"><span class='ocrx_word' id='word_1_103' title='bbox 167 2068 285 2102; x_wconf 82' lang='lat' dir='ltr'>lorum</span> <span class='ocrx_word' id='word_1_104' title='bbox 310 2067 435 2101; x_wconf 88' lang='lat' dir='ltr'>XLVI.</span> 
     </span>
    </p>

    <p class='ocr_par' dir='ltr' id='par_1_12' title="bbox 124 2121 780 2210">
     <span class='ocr_line' id='line_1_29' title="bbox 124 2121 780 2164; baseline -0.003 -8"><span class='ocrx_word' id='word_1_105' title='bbox 124 2122 265 2156; x_wconf 79' lang='lat' dir='ltr'>Christe</span> <span class='ocrx_word' id='word_1_106' title='bbox 295 2123 501 2155; x_wconf 80' lang='lat' dir='ltr'>sanetorum</span> <span class='ocrx_word' id='word_1_107' title='bbox 534 2121 639 2155; x_wconf 85' lang='lat' dir='ltr'>decus</span> <span class='ocrx_word' id='word_1_108' title='bbox 670 2122 780 2164; x_wconf 87' lang='lat' dir='ltr'>atque</span> 
     </span>
     <span class='ocr_line' id='line_1_30' title="bbox 169 2176 471 2210; baseline 0.003 -1"><span class='ocrx_word' id='word_1_109' title='bbox 169 2177 285 2210; x_wconf 83' lang='lat' dir='ltr'>uirtus</span> <span class='ocrx_word' id='word_1_110' title='bbox 310 2176 471 2210; x_wconf 86' lang='lat' dir='ltr'>XXXVI.</span> 
     </span>
    </p>

    <p class='ocr_par' dir='ltr' id='par_1_13' title="bbox 125 2230 780 2274">
     <span class='ocr_line' id='line_1_31' title="bbox 125 2230 780 2274; baseline 0 -10"><span class='ocrx_word' id='word_1_111' title='bbox 125 2230 288 2265; x_wconf 73' lang='lat' dir='ltr'>Circinus</span> <span class='ocrx_word' id='word_1_112' title='bbox 305 2243 325 2265; x_wconf 89' lang='lat' dir='ltr'>a</span> <span class='ocrx_word' id='word_1_113' title='bbox 343 2243 468 2266; x_wconf 91' lang='lat' dir='ltr'>norma</span> <span class='ocrx_word' id='word_1_114' title='bbox 482 2231 570 2274; x_wconf 82' lang='lat' dir='ltr'>quid</span> <span class='ocrx_word' id='word_1_115' title='bbox 589 2231 780 2265; x_wconf 88' lang='lat' dir='ltr'>LXXXVI.</span> 
     </span>
    </p>

    <p class='ocr_par' dir='ltr' id='par_1_14' title="bbox 126 2286 780 2331">
     <span class='ocr_line' id='line_1_32' title="bbox 126 2286 780 2331; baseline -0.002 -11"><span class='ocrx_word' id='word_1_116' title='bbox 126 2286 233 2321; x_wconf 85' lang='lat' dir='ltr'>Clara</span> <span class='ocrx_word' id='word_1_117' title='bbox 254 2287 329 2320; x_wconf 86' lang='lat' dir='ltr'>dies</span> <span class='ocrx_word' id='word_1_118' title='bbox 349 2286 478 2320; x_wconf 84' lang='lat' dir='ltr'>rutilat</span> <span class='ocrx_word' id='word_1_119' title='bbox 496 2286 640 2331; x_wconf 89' lang='lat' dir='ltr'>populis</span> <span class='ocrx_word' id='word_1_120' title='bbox 659 2286 780 2319; x_wconf 86' lang='lat' dir='ltr'>LXVI.</span> 
     </span>
    </p>

    <p class='ocr_par' dir='ltr' id='par_1_15' title="bbox 127 2341 702 2376">
     <span class='ocr_line' id='line_1_33' title="bbox 127 2341 702 2376; baseline -0.003 0"><span class='ocrx_word' id='word_1_121' title='bbox 127 2341 301 2376; x_wconf 83' lang='lat' dir='ltr'>Conditor</span> <span class='ocrx_word' id='word_1_122' title='bbox 325 2341 420 2375; x_wconf 86' lang='lat' dir='ltr'>alme</span> <span class='ocrx_word' id='word_1_123' title='bbox 445 2341 602 2374; x_wconf 82' lang='lat' dir='ltr'>siderum</span> <span class='ocrx_word' id='word_1_124' title='bbox 628 2341 702 2374; x_wconf 90' lang='lat' dir='ltr'>XX.</span> 
     </span>
    </p>
   </div>
   <div class='ocr_carea' id='block_1_8' title="bbox 806 677 1420 875">
    <p class='ocr_par' dir='ltr' id='par_1_16' title="bbox 806 677 1420 875">
     <span class='ocr_line' id='line_1_34' title="bbox 806 677 1376 721; baseline -0.004 -9"><span class='ocrx_word' id='word_1_125' title='bbox 806 677 1045 712; x_wconf 80' lang='lat' dir='ltr'>Constantine</span> <span class='ocrx_word' id='word_1_126' title='bbox 1080 678 1170 712; x_wconf 84' lang='lat' dir='ltr'>meis</span> <span class='ocrx_word' id='word_1_127' title='bbox 1203 688 1292 721; x_wconf 89' lang='lat' dir='ltr'>opus</span> <span class='ocrx_word' id='word_1_128' title='bbox 1324 678 1376 711; x_wconf 77' lang='lat' dir='ltr'>est</span> 
     </span>
     <span class='ocr_line' id='line_1_35' title="bbox 808 785 1420 831; baseline -0.005 -10"><span class='ocrx_word' id='word_1_129' title='bbox 808 786 991 821; x_wconf 87' lang='lat' dir='ltr'>Conuenio</span> <span class='ocrx_word' id='word_1_130' title='bbox 1015 787 1127 831; x_wconf 78' lang='lat' dir='ltr'>signis</span> <span class='ocrx_word' id='word_1_131' title='bbox 1152 797 1259 830; x_wconf 81' lang='lat' dir='ltr'>quem</span> <span class='ocrx_word' id='word_1_132' title='bbox 1285 785 1420 819; x_wconf 86' lang='lat' dir='ltr'>LXXX.</span> 
     </span>
     <span class='ocr_line' id='line_1_36' title="bbox 807 840 1391 875; baseline -0.003 0"><span class='ocrx_word' id='word_1_133' title='bbox 807 841 902 875; x_wconf 84' lang='lat' dir='ltr'>Crux</span> <span class='ocrx_word' id='word_1_134' title='bbox 927 841 1033 875; x_wconf 79' lang='lat' dir='ltr'>decus</span> <span class='ocrx_word' id='word_1_135' title='bbox 1057 852 1093 875; x_wconf 87' lang='lat' dir='ltr'>es</span> <span class='ocrx_word' id='word_1_136' title='bbox 1117 840 1244 874; x_wconf 81' lang='lat' dir='ltr'>mundi</span> <span class='ocrx_word' id='word_1_137' title='bbox 1268 840 1391 874; x_wconf 88' lang='lat' dir='ltr'>LXIX.</span> 
     </span>
    </p>
   </div>
   <div class='ocr_carea' id='block_1_9' title="bbox 1328 893 1436 908">
    <p class='ocr_par' dir='ltr' id='par_1_17' title="bbox 1328 893 1436 908">
     <span class='ocr_line' id='line_1_37' title="bbox 1328 893 1436 908; baseline -0.019 -3"><span class='ocrx_word' id='word_1_138' title='bbox 1328 893 1436 908; x_wconf 55' lang='grc' dir='ltr'>(νῖν</span> 
     </span>
    </p>
   </div>
   <div class='ocr_carea' id='block_1_10' title="bbox 808 949 1459 1050">
    <p class='ocr_par' dir='ltr' id='par_1_18' title="bbox 808 949 1459 1050">
     <span class='ocr_line' id='line_1_38' title="bbox 808 949 1340 985; baseline -0.006 0"><span class='ocrx_word' id='word_1_139' title='bbox 808 951 959 985; x_wconf 85' lang='lat' dir='ltr'>Cuhnen</span> <span class='ocrx_word' id='word_1_140' title='bbox 984 950 1127 984; x_wconf 88' lang='lat' dir='ltr'>honoris</span> <span class='ocrx_word' id='word_1_141' title='bbox 1152 961 1219 984; x_wconf 85' lang='lat' dir='ltr'>aue</span> <span class='ocrx_word' id='word_1_142' title='bbox 1244 949 1340 983; x_wconf 88' lang='lat' dir='ltr'>VIII.</span> 
     </span>
     <span class='ocr_line' id='line_1_39' title="bbox 809 1003 1459 1050; baseline -0.006 -10"><span class='ocrx_word' id='word_1_143' title='bbox 809 1006 897 1041; x_wconf 86' lang='lat' dir='ltr'>Cum</span> <span class='ocrx_word' id='word_1_144' title='bbox 922 1005 1077 1040; x_wconf 86' lang='lat' dir='ltr'>Nasonis</span> <span class='ocrx_word' id='word_1_145' title='bbox 1101 1016 1209 1050; x_wconf 84' lang='lat' dir='ltr'>opera</span> <span class='ocrx_word' id='word_1_146' title='bbox 1233 1003 1427 1038; x_wconf 85' lang='lat' dir='ltr'>CXXXIII.</span> <span class='ocrx_word' id='word_1_147' title='bbox 1454 1007 1459 1012; x_wconf 92' lang='lat'>&#39;</span> 
     </span>
    </p>
   </div>
   <div class='ocr_carea' id='block_1_11' title="bbox 809 1080 1470 1609">
    <p class='ocr_par' dir='ltr' id='par_1_19' title="bbox 810 1080 1444 1170">
     <span class='ocr_line' id='line_1_40' title="bbox 810 1080 1444 1117; baseline -0.008 0"><span class='ocrx_word' id='word_1_148' title='bbox 810 1083 1000 1117; x_wconf 80' lang='lat' dir='ltr'>Daemonis</span> <span class='ocrx_word' id='word_1_149' title='bbox 1040 1081 1231 1116; x_wconf 86' lang='lat' dir='ltr'>inuentum</span> <span class='ocrx_word' id='word_1_150' title='bbox 1270 1080 1444 1114; x_wconf 78' lang='lat' dir='ltr'>scelerum</span> 
     </span>
     <span class='ocr_line' id='line_1_41' title="bbox 852 1135 942 1170; baseline -0.011 0"><span class='ocrx_word' id='word_1_151' title='bbox 852 1135 942 1170; x_wconf 87' lang='lat' dir='ltr'>CIV.</span> 
     </span>
    </p>

    <p class='ocr_par' dir='ltr' id='par_1_20' title="bbox 810 1188 1404 1234">
     <span class='ocr_line' id='line_1_42' title="bbox 810 1188 1404 1234; baseline -0.003 -9"><span class='ocrx_word' id='word_1_152' title='bbox 810 1191 875 1225; x_wconf 86' lang='lat' dir='ltr'>Dei</span> <span class='ocrx_word' id='word_1_153' title='bbox 900 1191 967 1225; x_wconf 85' lang='lat' dir='ltr'>fide</span> <span class='ocrx_word' id='word_1_154' title='bbox 991 1202 1064 1234; x_wconf 83' lang='lat' dir='ltr'>qua</span> <span class='ocrx_word' id='word_1_155' title='bbox 1092 1189 1252 1224; x_wconf 84' lang='lat' dir='ltr'>uiuimus</span> <span class='ocrx_word' id='word_1_156' title='bbox 1278 1188 1404 1223; x_wconf 87' lang='lat' dir='ltr'>XXVI.</span> 
     </span>
    </p>

    <p class='ocr_par' dir='ltr' id='par_1_21' title="bbox 810 1243 1304 1280">
     <span class='ocr_line' id='line_1_43' title="bbox 810 1243 1304 1280; baseline -0.006 0"><span class='ocrx_word' id='word_1_157' title='bbox 810 1246 940 1280; x_wconf 83' lang='lat' dir='ltr'>Desere</span> <span class='ocrx_word' id='word_1_158' title='bbox 965 1245 1073 1279; x_wconf 80' lang='lat' dir='ltr'>corda</span> <span class='ocrx_word' id='word_1_159' title='bbox 1098 1244 1200 1278; x_wconf 84' lang='lat' dir='ltr'>dolor</span> <span class='ocrx_word' id='word_1_160' title='bbox 1224 1243 1304 1277; x_wconf 85' lang='lat' dir='ltr'>VII.</span> 
     </span>
    </p>

    <p class='ocr_par' dir='ltr' id='par_1_22' title="bbox 811 1298 1358 1335">
     <span class='ocr_line' id='line_1_44' title="bbox 811 1298 1358 1335; baseline -0.004 0"><span class='ocrx_word' id='word_1_161' title='bbox 811 1301 904 1335; x_wconf 85' lang='lat' dir='ltr'>Deus</span> <span class='ocrx_word' id='word_1_162' title='bbox 929 1301 1075 1334; x_wconf 84' lang='lat' dir='ltr'>tuorum</span> <span class='ocrx_word' id='word_1_163' title='bbox 1099 1299 1261 1333; x_wconf 89' lang='lat' dir='ltr'>militum</span> <span class='ocrx_word' id='word_1_164' title='bbox 1286 1298 1358 1333; x_wconf 86' lang='lat' dir='ltr'>XL.</span> 
     </span>
    </p>

    <p class='ocr_par' dir='ltr' id='par_1_23' title="bbox 809 1352 1422 1398">
     <span class='ocr_line' id='line_1_45' title="bbox 809 1352 1422 1398; baseline -0.005 -9"><span class='ocrx_word' id='word_1_165' title='bbox 809 1356 897 1389; x_wconf 80' lang='lat' dir='ltr'>Dico</span> <span class='ocrx_word' id='word_1_166' title='bbox 923 1354 1027 1388; x_wconf 87' lang='lat' dir='ltr'>Carle</span> <span class='ocrx_word' id='word_1_167' title='bbox 1052 1355 1160 1398; x_wconf 82' lang='lat' dir='ltr'>putas</span> <span class='ocrx_word' id='word_1_168' title='bbox 1185 1364 1277 1397; x_wconf 83' lang='lat' dir='ltr'>quae</span> <span class='ocrx_word' id='word_1_169' title='bbox 1302 1352 1422 1386; x_wconf 88' lang='lat' dir='ltr'>LXXI.</span> 
     </span>
    </p>

    <p class='ocr_par' dir='ltr' id='par_1_24' title="bbox 809 1409 1423 1505">
     <span class='ocr_line' id='line_1_46' title="bbox 809 1409 1423 1453; baseline -0.003 -10"><span class='ocrx_word' id='word_1_170' title='bbox 809 1409 1010 1444; x_wconf 85' lang='lat' dir='ltr'>Dimidium</span> <span class='ocrx_word' id='word_1_171' title='bbox 1033 1409 1208 1452; x_wconf 83' lang='lat' dir='ltr'>sphaerae</span> <span class='ocrx_word' id='word_1_172' title='bbox 1232 1409 1423 1453; x_wconf 81' lang='lat' dir='ltr'>sphaeram</span> 
     </span>
     <span class='ocr_line' id='line_1_47' title="bbox 855 1464 1082 1505; baseline -0.013 -5"><span class='ocrx_word' id='word_1_173' title='bbox 855 1464 1028 1505; x_wconf 64' lang='lat' dir='ltr'>CXXXV.</span> <span class='ocrx_word' id='word_1_174' title='bbox 1051 1464 1082 1497; x_wconf 82' lang='lat'>2.</span> 
     </span>
    </p>

    <p class='ocr_par' dir='ltr' id='par_1_25' title="bbox 810 1516 1466 1562">
     <span class='ocr_line' id='line_1_48' title="bbox 810 1516 1466 1562; baseline -0.005 -9"><span class='ocrx_word' id='word_1_175' title='bbox 810 1519 906 1553; x_wconf 89' lang='lat' dir='ltr'>Dum</span> <span class='ocrx_word' id='word_1_176' title='bbox 919 1519 1086 1553; x_wconf 79' lang='lat' dir='ltr'>cohibere</span> <span class='ocrx_word' id='word_1_177' title='bbox 1100 1519 1207 1562; x_wconf 85' lang='lat' dir='ltr'>parat</span> <span class='ocrx_word' id='word_1_178' title='bbox 1221 1517 1345 1552; x_wconf 82' lang='lat' dir='ltr'>Gallos</span> <span class='ocrx_word' id='word_1_179' title='bbox 1359 1518 1390 1550; x_wconf 83' lang='lat' dir='ltr'>V</span> <span class='ocrx_word' id='word_1_180' title='bbox 1394 1516 1466 1551; x_wconf 93' lang='lat' dir='ltr'>IIC.</span> 
     </span>
    </p>

    <p class='ocr_par' dir='ltr' id='par_1_26' title="bbox 812 1574 1470 1609">
     <span class='ocr_line' id='line_1_49' title="bbox 812 1574 1470 1609; baseline -0.006 0"><span class='ocrx_word' id='word_1_181' title='bbox 812 1575 892 1609; x_wconf 74' lang='lat' dir='ltr'>Dux</span> <span class='ocrx_word' id='word_1_182' title='bbox 928 1574 1223 1608; x_wconf 78' lang='lat' dir='ltr'>Norinannorum</span> <span class='ocrx_word' id='word_1_183' title='bbox 1258 1574 1470 1607; x_wconf 79' lang='lat' dir='ltr'>cunctorum</span> 
     </span>
    </p>
   </div>
   <div class='ocr_carea' id='block_1_12' title="bbox 858 1628 1104 1669">
    <p class='ocr_par' dir='ltr' id='par_1_27' title="bbox 858 1628 1104 1669">
     <span class='ocr_line' id='line_1_50' title="bbox 858 1628 1104 1669; baseline -0.008 -6"><span class='ocrx_word' id='word_1_184' title='bbox 858 1628 1049 1669; x_wconf 88' lang='lat' dir='ltr'>CXXXVI,</span> <span class='ocrx_word' id='word_1_185' title='bbox 1073 1630 1104 1662; x_wconf 79' lang='lat'>4.</span> 
     </span>
    </p>
   </div>
   <div class='ocr_carea' id='block_1_13' title="bbox 814 1702 1473 2131">
    <p class='ocr_par' dir='ltr' id='par_1_28' title="bbox 814 1702 1470 1740">
     <span class='ocr_line' id='line_1_51' title="bbox 814 1702 1470 1740; baseline -0.008 0"><span class='ocrx_word' id='word_1_186' title='bbox 814 1707 898 1740; x_wconf 76' lang='lat' dir='ltr'>Ecce</span> <span class='ocrx_word' id='word_1_187' title='bbox 922 1705 997 1738; x_wconf 80' lang='lat' dir='ltr'>iam</span> <span class='ocrx_word' id='word_1_188' title='bbox 1021 1703 1137 1738; x_wconf 80' lang='lat' dir='ltr'>noetis</span> <span class='ocrx_word' id='word_1_189' title='bbox 1155 1704 1331 1737; x_wconf 85' lang='lat' dir='ltr'>tenuatur</span> <span class='ocrx_word' id='word_1_190' title='bbox 1349 1702 1470 1736; x_wconf 88' lang='lat' dir='ltr'>XLIX.</span> 
     </span>
    </p>

    <p class='ocr_par' dir='ltr' id='par_1_29' title="bbox 814 1757 1384 1848">
     <span class='ocr_line' id='line_1_52' title="bbox 814 1757 1384 1803; baseline -0.007 -9"><span class='ocrx_word' id='word_1_191' title='bbox 814 1760 980 1794; x_wconf 80' lang='lat' dir='ltr'>Efficitur</span> <span class='ocrx_word' id='word_1_192' title='bbox 1011 1759 1132 1803; x_wconf 88' lang='lat' dir='ltr'>quinis</span> <span class='ocrx_word' id='word_1_193' title='bbox 1168 1757 1384 1802; x_wconf 79' lang='lat' dir='ltr'>symphonia</span> 
     </span>
     <span class='ocr_line' id='line_1_53' title="bbox 858 1814 1068 1848; baseline -0.005 0"><span class='ocrx_word' id='word_1_194' title='bbox 858 1814 1068 1848; x_wconf 90' lang='lat' dir='ltr'>LXXXVII.</span> 
     </span>
    </p>

    <p class='ocr_par' dir='ltr' id='par_1_30' title="bbox 814 1867 1274 1903">
     <span class='ocr_line' id='line_1_54' title="bbox 814 1867 1274 1903; baseline -0.007 0"><span class='ocrx_word' id='word_1_195' title='bbox 814 1870 868 1903; x_wconf 88' lang='lat' dir='ltr'>En</span> <span class='ocrx_word' id='word_1_196' title='bbox 892 1869 963 1903; x_wconf 83' lang='lat' dir='ltr'>tibi</span> <span class='ocrx_word' id='word_1_197' title='bbox 987 1868 1209 1902; x_wconf 79' lang='lat' dir='ltr'>descendant</span> <span class='ocrx_word' id='word_1_198' title='bbox 1232 1867 1274 1900; x_wconf 90' lang='lat' dir='ltr'>X.</span> 
     </span>
    </p>

    <p class='ocr_par' dir='ltr' id='par_1_31' title="bbox 814 1921 1428 2018">
     <span class='ocr_line' id='line_1_55' title="bbox 814 1921 1428 1958; baseline -0.007 0"><span class='ocrx_word' id='word_1_199' title='bbox 814 1924 876 1958; x_wconf 83' lang='lat' dir='ltr'>Est</span> <span class='ocrx_word' id='word_1_200' title='bbox 899 1924 1025 1957; x_wconf 88' lang='lat' dir='ltr'>domus</span> <span class='ocrx_word' id='word_1_201' title='bbox 1049 1923 1088 1956; x_wconf 92' lang='lat' dir='ltr'>in</span> <span class='ocrx_word' id='word_1_202' title='bbox 1112 1922 1217 1956; x_wconf 83' lang='lat' dir='ltr'>terris</span> <span class='ocrx_word' id='word_1_203' title='bbox 1241 1922 1302 1955; x_wconf 89' lang='lat' dir='ltr'>sed</span> <span class='ocrx_word' id='word_1_204' title='bbox 1334 1921 1428 1955; x_wconf 88' lang='lat' dir='ltr'>uiuit</span> 
     </span>
     <span class='ocr_line' id='line_1_56' title="bbox 859 1978 1083 2018; baseline -0.013 -5"><span class='ocrx_word' id='word_1_205' title='bbox 859 1978 1029 2018; x_wconf 90' lang='lat' dir='ltr'>CXXXV,</span> <span class='ocrx_word' id='word_1_206' title='bbox 1055 1978 1083 2011; x_wconf 87' lang='lat'>7.</span> 
     </span>
    </p>

    <p class='ocr_par' dir='ltr' id='par_1_32' title="bbox 814 2031 1473 2077">
     <span class='ocr_line' id='line_1_57' title="bbox 814 2031 1473 2077; baseline -0.005 -10"><span class='ocrx_word' id='word_1_207' title='bbox 814 2033 879 2067; x_wconf 86' lang='lat' dir='ltr'>Est</span> <span class='ocrx_word' id='word_1_208' title='bbox 889 2033 978 2067; x_wconf 89' lang='lat' dir='ltr'>mihi</span> <span class='ocrx_word' id='word_1_209' title='bbox 987 2033 1111 2066; x_wconf 88' lang='lat' dir='ltr'>seruili</span> <span class='ocrx_word' id='word_1_210' title='bbox 1120 2032 1297 2077; x_wconf 83' lang='lat' dir='ltr'>scripulus</span> <span class='ocrx_word' id='word_1_211' title='bbox 1308 2031 1473 2065; x_wconf 86' lang='lat' dir='ltr'>LXXVII</span> 
     </span>
    </p>

    <p class='ocr_par' dir='ltr' id='par_1_33' title="bbox 814 2086 1417 2131">
     <span class='ocr_line' id='line_1_58' title="bbox 814 2086 1417 2131; baseline -0.008 -8"><span class='ocrx_word' id='word_1_212' title='bbox 814 2089 867 2123; x_wconf 81' lang='lat' dir='ltr'>Ex</span> <span class='ocrx_word' id='word_1_213' title='bbox 891 2099 962 2131; x_wconf 89' lang='lat' dir='ltr'>quo</span> <span class='ocrx_word' id='word_1_214' title='bbox 989 2087 1181 2122; x_wconf 80' lang='lat' dir='ltr'>caelestem</span> <span class='ocrx_word' id='word_1_215' title='bbox 1205 2086 1339 2121; x_wconf 85' lang='lat' dir='ltr'>meruit</span> <span class='ocrx_word' id='word_1_216' title='bbox 1365 2086 1417 2121; x_wconf 76' lang='lat' dir='ltr'>CI.</span> 
     </span>
    </p>
   </div>
   <div class='ocr_carea' id='block_1_14' title="bbox 815 2172 1473 2325">
    <p class='ocr_par' dir='ltr' id='par_1_34' title="bbox 815 2172 1473 2325">
     <span class='ocr_line' id='line_1_59' title="bbox 819 2172 1450 2219; baseline -0.005 -10"><span class='ocrx_word' id='word_1_217' title='bbox 819 2176 874 2210; x_wconf 80' lang='lat' dir='ltr'>Fit</span> <span class='ocrx_word' id='word_1_218' title='bbox 898 2176 1004 2219; x_wconf 89' lang='lat' dir='ltr'>porta</span> <span class='ocrx_word' id='word_1_219' title='bbox 1030 2174 1166 2209; x_wconf 76' lang='lat' dir='ltr'>Christi</span> <span class='ocrx_word' id='word_1_220' title='bbox 1189 2174 1317 2218; x_wconf 82' lang='lat' dir='ltr'>peruia</span> <span class='ocrx_word' id='word_1_221' title='bbox 1341 2172 1450 2206; x_wconf 83' lang='lat' dir='ltr'>XXV.</span> 
     </span>
     <span class='ocr_line' id='line_1_60' title="bbox 815 2227 1473 2274; baseline -0.005 -10"><span class='ocrx_word' id='word_1_222' title='bbox 815 2230 1013 2274; x_wconf 80' lang='lat' dir='ltr'>Frigiditas</span> <span class='ocrx_word' id='word_1_223' title='bbox 1044 2229 1173 2264; x_wconf 84' lang='lat' dir='ltr'>hiemis</span> <span class='ocrx_word' id='word_1_224' title='bbox 1198 2229 1291 2263; x_wconf 84' lang='lat' dir='ltr'>ueris</span> <span class='ocrx_word' id='word_1_225' title='bbox 1323 2227 1473 2262; x_wconf 78' lang='lat' dir='ltr'>lasciuia</span> 
     </span>
     <span class='ocr_line' id='line_1_61' title="bbox 860 2284 1107 2325; baseline -0.004 -6"><span class='ocrx_word' id='word_1_226' title='bbox 860 2284 1052 2325; x_wconf 72' lang='lat' dir='ltr'>CXXXVI7</span> <span class='ocrx_word' id='word_1_227' title='bbox 1077 2286 1107 2318; x_wconf 84' lang='lat'>5.</span> 
     </span>
    </p>
   </div>
   <div class='ocr_carea' id='block_1_15' title="bbox 817 2338 1420 2382">
    <p class='ocr_par' dir='ltr' id='par_1_35' title="bbox 817 2338 1420 2382">
     <span class='ocr_line' id='line_1_62' title="bbox 817 2338 1420 2382; baseline -0.003 -9"><span class='ocrx_word' id='word_1_228' title='bbox 817 2340 951 2374; x_wconf 81' lang='lat' dir='ltr'>Furens</span> <span class='ocrx_word' id='word_1_229' title='bbox 977 2339 1136 2374; x_wconf 85' lang='lat' dir='ltr'>Herodes</span> <span class='ocrx_word' id='word_1_230' title='bbox 1160 2339 1271 2382; x_wconf 83' lang='lat' dir='ltr'>impie</span> <span class='ocrx_word' id='word_1_231' title='bbox 1298 2338 1420 2371; x_wconf 90' lang='lat' dir='ltr'>LXIII.</span> 
     </span>
    </p>
   </div>
  </div>
 </body>
</html>
