1643 2574
427 138 644 173 UARMlNA
667 137 779 172 LVDI
804 137 1098 171 SCACHORVM.
1342 128 1414 166 141

160 248 264 291 Cum
293 260 391 290 uero
422 247 560 290 cuncti
589 247 780 289 certatim
811 246 971 299 praelia
1001 247 1191 297 densant,

214 314 361 356 Hostis
391 314 433 354 in
463 312 657 354 hostilem
688 311 735 353 fit
764 312 875 354 celer
905 313 964 353 ire
996 324 1152 353 necem.

161 379 279 421 Hanc
308 392 381 421 rex
411 379 586 429 deuitat,
617 378 695 419 hac
724 390 950 429 numquam
980 377 1184 419 sternitur
1214 376 1298 427 ille,
1377 386 1420 419 95

216 445 304 487 Ηο6
332 445 419 486 fato
450 445 622 496 reliquis
652 443 831 496 amplius
863 444 950 496 ipse
982 447 1129 496 potest.

161 511 270 552 Dum
299 515 439 553 tamen
470 511 577 553 hunc
603 510 737 552 hostis
759 510 871 561 cogit
890 509 1141 562 protendere
1161 520 1362 561 gressum,

218 577 262 620 Si
290 577 507 620 conclusus
538 577 630 627 erit,
661 575 820 628 praelia
851 579 939 616 tota
970 579 1110 616 ruunt.

647 872 878 914 LXXXIII.

371 997 611 1052 GARMlNA
646 996 772 1051 mn
811 995 1155 1049 SCACHORVM.

161 1163 325 1205 Ludum
354 1162 599 1204 scachorum
629 1161 662 1202 si
692 1164 739 1201 tu
768 1161 833 1201 uis
864 1160 969 1201 scire
999 1159 1208 1210 decorum,

161 1229 250 1271 Hoc
279 1240 462 1278 carmen,
493 1228 637 1277 lector,
669 1227 802 1267 discas
832 1229 873 1266 et
902 1225 1048 1266 ludere
1079 1224 1244 1277 gliscas.

161 1296 200 1337 It
228 1295 356 1348 pedes
386 1294 441 1335 ad
471 1293 639 1343 bellum⁷
670 1292 784 1344 prior
812 1291 958 1343 incipit
988 1290 1058 1331 ille
1089 1289 1287 1340 duellum,

162 1361 327 1421 Africus
357 1361 399 1401 in
429 1359 567 1401 triuiis
597 1360 733 1400 locum
763 1357 876 1409 capit
906 1368 953 1397 ex
985 1356 1177 1406 inimicis,

159 1421 282 1468 Miles
313 1439 363 1467 ex
392 1425 558 1477 obliquo
588 1427 745 1477 puncto
775 1423 986 1464 mediante
1015 1422 1160 1463 relicto
1402 1432 1422 1464 5

162 1488 334 1535 Prosilit
363 1496 404 1533 et
434 1492 585 1533 fortem
615 1489 791 1543 depellit
820 1489 987 1531 fortiter
1016 1488 1190 1530 hostem.

162 1559 291 1600 Linea
320 1559 356 1600 si
385 1561 542 1611 pateat,
574 1556 725 1598 rochus
758 1556 872 1607 capit
902 1567 1034 1606 omne,
1067 1554 1176 1606 quod
1207 1557 1338 1606 optat.

163 1625 305 1666 Vertit
332 1625 375 1665 in
404 1623 616 1675 obliquum
645 1622 799 1674 regalis
828 1620 983 1662 femina
1013 1632 1196 1672 passum,

163 1691 254 1733 Rex
282 1690 373 1731 loca
402 1691 512 1732 circa
542 1701 585 1730 se
614 1688 744 1740 clipeo
775 1686 963 1729 defendit
993 1690 1036 1727 et
1067 1697 1177 1727 ense.

200 1855 239 1889 V.
264 1856 307 1889 93
329 1854 467 1898 proelia
491 1855 531 1888 B.
561 1854 604 1887 94
628 1853 684 1896 fit]
710 1863 759 1886 (ιη
783 1852 859 1886 sit?
891 1852 933 1885 96
957 1850 1051 1893 fato]
1076 1850 1171 1884 facto
1195 1849 1268 1883 AB.
1300 1849 1340 1882 97
1366 1859 1423 1882 co-

110 1911 166 1956 git
190 1911 217 1944 B
241 1911 340 1944 cobit
364 1910 403 1944 A.
451 1910 494 1943 98
519 1908 660 1953 proelia
685 1908 722 1941 B.

199 1974 394 2009 LXXXIII.
421 1973 504 2007 Cocl.
529 1973 639 2006 Rern.
668 1975 730 2005 531
762 1983 787 2005 s.
815 1971 895 2005 XV
915 1972 940 2013 f.
965 1971 1031 2003 50¹³
1059 1973 1090 2004 et
1113 1971 1138 2012 f.
1164 1972 1223 2002 191
1234 1976 1258 2002 ²².
1301 1969 1426 2002 Pm'ore

112 2031 186 2066 loco
210 2030 337 2064 titulus
361 2029 465 2062 deest.
492 2027 664 2061 Distinoei
691 2027 821 2061 litteris
846 2027 877 2059 A
901 2029 933 2059 et
958 2026 996 2060 B.

200 2096 242 2130 V.
269 2096 284 2129 1
310 2105 491 2129 scacorum
519 2095 559 2128 A.
594 2094 614 2126 ‘2
638 2093 756 2127 discas
780 2093 896 2126 lector
922 2093 963 2125 A.
995 2092 1015 2124 4
1042 2091 1194 2124 Affricus
1219 2090 1280 2123 AB
1306 2090 1425 2123 10611111

112 2153 217 2196 parat
242 2152 281 2185 A.
328 2151 348 2184 S
371 2151 493 2184 uertat
517 2150 557 2183 A.
604 2152 624 2182 9
649 2148 826 2182 deffendit
854 2147 915 2181 AB
963 2157 1056 2180 ense.
1082 2146 1180 2180 Finis
1205 2145 1277 2179 AB.
