1643 2574
625 177 685 211 DE
710 176 884 211 OVIDIO.

100 288 261 330 Actoris
291 287 468 328 intentio
498 290 641 336 restat,
673 286 948 327 condemnare

98 355 270 395 Amores
300 353 470 394 illicitos
500 352 639 394 fatuos
671 352 840 404 culpare

98 419 154 460 Et
183 423 296 461 recte
326 418 580 460 feruentiuni
609 420 772 458 mentes
802 417 1105 467 commendare,

152 485 326 527 Utilitas
355 488 497 525 nostra
528 484 583 524 sit
612 484 771 524 iustum
800 483 953 535 pignus
982 495 1136 524 amare.

98 583 226 624 Nobis
257 584 348 635 quis
379 583 432 624 sit
461 582 631 633 titulus,
664 583 770 623 satis
802 582 1061 622 declaratur:

99 648 271 689 Publius
301 648 351 688 de
382 648 548 700 publica
577 647 687 689 fama
716 652 995 700 mincupatur,

98 714 211 756 Naso
240 714 307 755 uel
338 714 514 755 Ouidius
546 714 647 754 satis
679 713 929 763 declaratur,

155 779 198 821 Si
227 780 320 820 nasi
350 780 509 831 species
538 779 607 821 uel
637 779 775 820 uisere
804 791 951 819 nomen
980 782 1142 830 agatur.

46 916 52 919 .
100 878 247 920 Ethice
277 880 526 931 supponitur
554 890 622 919 res
652 879 750 919 libri
778 879 1034 930 praesentis:

99 944 135 985 N
141 948 282 985 otetur
310 945 487 985 intentio
519 944 690 999 duplex:
721 956 816 984 nam
847 944 1053 985 monentis

101 1009 194 1051 Una
223 1014 383 1061 manet,
413 1011 496 1052 alia
526 1014 661 1052 restat
691 1011 991 1062 componentis.

154 1076 381 1129 Penelopes
410 1077 523 1118 Naso
554 1077 815 1118 commendat
844 1077 953 1118 facta
984 1077 1210 1128 querentis.

100 1176 203 1218 Cum
232 1177 380 1218 delicto
409 1176 572 1217 Paridis
602 1180 740 1217 motae
770 1175 905 1232 forent
933 1177 1061 1226 rixae,

101 1241 217 1291 Quae
248 1241 383 1282 Marte
414 1241 602 1283 decennii
630 1241 847 1283 restabant
876 1239 1077 1294 prolixae,

101 1307 205 1349 Cum
235 1307 373 1348 forent
402 1307 622 1358 Argolides
653 1319 746 1348 cum
775 1307 938 1348 maritis
970 1306 1089 1357 fixae,

155 1374 274 1414 Hanc
304 1377 376 1414 tua
407 1372 616 1424 Penelope
645 1373 758 1414 lento
788 1373 865 1414 tibi
894 1373 1044 1423 mittit,
1075 1371 1208 1413 Ulixe.

102 1472 201 1514 Post
230 1471 485 1512 Graecorum
514 1471 675 1512 reditus
706 1474 826 1512 erant
856 1472 953 1512 anni
983 1471 1077 1512 deni

103 1537 278 1588 Quando
308 1537 412 1578 dixit
442 1537 604 1586 Icarus:
640 1548 761 1577 curas
791 1540 957 1577 nostras
987 1536 1070 1577 leni

104 1603 286 1644 Paruulo
318 1602 567 1644 Telemacho
596 1602 823 1654 Laertique
854 1603 960 1643 seni:

157 1669 227 1710 Nil
259 1669 361 1710 mihi
390 1668 613 1709 rescribas:
646 1672 690 1709 at
720 1672 859 1709 tamen
890 1669 978 1720 ipse
1006 1668 1117 1709 ueni.

105 1768 278 1810 Pelleris
309 1781 393 1819 sen,
424 1769 589 1819 dicitur,
620 1767 790 1809 marinis
819 1767 1016 1819 procellis

106 1835 204 1876 Siue
234 1834 374 1876 Circes
404 1834 557 1875 retinet
585 1838 627 1875 te
659 1834 790 1875 dulcis
820 1832 993 1883 amenis,

107 1901 309 1952 Cognoui⁷
340 1900 448 1951 quod
476 1899 582 1940 Ilion
611 1899 732 1940 modo
762 1910 842 1940 non
873 1898 1040 1939 auellis:

162 1966 286 2007 Troia
316 1967 423 2007 iacet
453 1969 566 2006 certe
596 1965 750 2007 Danais
779 1965 916 2005 inuisa
947 1963 1112 2016 puellis.

195 2107 237 2140 V.
260 2108 303 2141 33
327 2106 601 2149 condempnare.
649 2106 691 2139 :38
714 2105 864 2149 publica.
911 2105 953 2138 39
977 2115 1064 2138 naso
1088 2104 1147 2138 uel
1170 2105 1212 2138 o'.

1327 167 1404 206 209

1365 789 1407 821 40

1367 1187 1408 1219 45

1369 1547 1410 1579 50

1373 1909 1412 1941 55

1258 2104 1301 2137 40
1324 2103 1412 2136 nati.

108 2164 150 2196 45
180 2164 294 2202 mote,
325 2162 411 2195 rixe.
458 2162 499 2195 46
530 2160 679 2205 prolixe.
725 2161 766 2193 47
791 2160 868 2194 fixe.
915 2160 958 2193 48
985 2158 1100 2202 Hanc]
1125 2158 1215 2193 Her.
1240 2159 1272 2199 Ι,
1297 2161 1326 2191 1.
1371 2158 1414 2190 49

108 2227 305 2262 grecorum.
339 2217 380 2249 50
402 2227 541 2258 ycarus.
577 2217 615 2249 51
641 2215 856 2249 theiamaco.
881 2215 923 2247 5⁵2
947 2214 1000 2247 nil
1022 2212 1202 2257 rescribis]
1229 2212 1317 2245 Her.
1336 2212 1367 2253 Ι,
1383 2214 1414 2244 2.

109 2273 150 2306 5-3
173 2283 244 2306 ceu.
292 2272 332 2304 55
356 2271 466 2314 ylion.
512 2271 554 2303 56
578 2269 699 2314 Troia]
724 2269 813 2303 Her.
838 2270 869 2311 Ι,
893 2272 926 2302 3.

242 2432 353 2460 HAGEN
376 2436 514 2458 CARMlNA
539 2436 621 2456 MEDII
646 2435 723 2456 AEVI.
