1643 2574
611 161 906 197 AENIGMATA.
1328 153 1403 191 211

210 273 328 316 Tolle
357 276 554 314 uentosos
584 272 748 325 penitus
777 276 959 313 tumores

209 339 266 380 Et
295 339 445 380 famem
477 350 637 380 sacram
668 337 786 378 rutili
815 337 988 389 metalli,

209 405 411 457 Quaeque
444 407 696 458 peruertunt
725 404 972 455 agitantque
1001 406 1182 444 mentem

321 471 472 513 Cetera
501 473 698 511 monstra.

213 571 338 613 Clara
367 582 433 611 me
463 571 600 611 uirtus
630 569 795 610 decoret
824 568 988 621 lapillis,
1368 580 1410 613 25

211 637 349 678 Instar
378 639 426 677 ut
455 635 601 677 stellae
630 634 797 676 radians
827 646 1021 676 eosuseae

213 702 416 743 Terream
445 713 618 742 saeuum
649 700 898 742 metuendus
927 699 1089 741 hostem

323 767 499 808 Lumine
531 769 662 808 tanto.

213 866 282 907 Me
311 877 386 918 per
415 864 628 906 anfractus
659 865 871 915 comitere,
904 865 1036 916 uirgo,

216 931 420 983 Aequoris
450 931 559 972 uasti
592 930 885 982 madidumque
916 929 1095 971 lembum
1372 940 1413 974 30

222 997 383 1050 Dirige,
416 1000 461 1038 ut
491 992 658 1037 tandem
689 996 853 1037 ualeam
882 1000 1025 1037 tenere

326 1063 473 1104 Litora
502 1063 616 1105 caeli.

663 1311 866 1353 CXXXV.

608 1411 927 1465 AENIGMATA.

756 1532 782 1565 I.

617 1598 922 1640 CASTANEA.

170 1689 252 1730 Res
283 1691 346 1729 est
376 1687 418 1728 in
449 1686 584 1738 siluis,
615 1698 719 1738 quae
750 1685 947 1727 scribitur
978 1688 1068 1727 octo
1097 1685 1261 1738 figuris:

170 1754 293 1796 Unde
321 1753 454 1795 tribus
487 1752 664 1804 demptis
694 1751 763 1792 uix
793 1763 920 1792 unam
952 1763 1001 1792 ex
1032 1751 1145 1792 mille
1174 1752 1349 1794 uidebis.

748 1860 794 1893 H.

711 1936 832 1979 COR.

122 2027 349 2068 Dimidium
385 2026 605 2079 sphaerae,
644 2025 864 2077 sphaeram
900 2036 993 2066 cum
1031 2024 1216 2077 principe
1246 2024 1400 2065 Romae

122 2093 315 2134 Postulat
347 2104 371 2133 a
400 2091 515 2133 nohis
545 2091 674 2132 totius
706 2090 895 2132 eonditor
926 2089 1049 2131 orbis.

210 2235 252 2268 V.
277 2235 319 2268 26
344 2233 522 2268 chorusce.
569 2233 610 2266 32
638 2232 775 2266 littora.

211 2289 382 2323 CXXXV.
410 2288 493 2323 Coa.
509 2287 618 2321 Rern.
636 2290 701 2320 268
726 2287 836 2320 chart.
854 2296 880 2320 s.
897 2285 999 2320 XVI
1021 2285 1121 2319 Petri
1137 2284 1303 2318 Danielis
1320 2294 1429 2318 mama

125 2344 280 2388 scriptus
300 2355 338 2387 p.
363 2346 409 2376 44
433 2346 465 2376 et
484 2353 523 2386 Ρ,
549 2345 599 2375 10.
647 2342 672 2376 Ι,
698 2342 713 2375 1
741 2341 864 2384 syluis.
