1643 2574
214 176 264 215 82
608 178 826 214 CARMINA
848 177 987 212 MEDH
1010 177 1070 212 ΑΕ
1079 177 1134 212 VI.

213 305 253 337 55
597 288 695 330 Sola
725 287 851 340 digna
881 290 930 328 tu
958 286 1079 328 fuisti

541 355 670 397 Ferre
699 353 882 407 pretium
913 352 1069 394 saeculi

542 421 681 472 Atque
711 423 880 472 portum
909 429 1161 471 praeparare

542 485 683 527 Nauta
714 484 867 526 mundo
897 483 1115 536 naufrag0‚

542 552 676 602 Quem
702 563 818 593 sacer
847 562 970 592 cruor
999 549 1195 602 perunxit

213 632 254 665 50
540 617 678 659 Fusus
709 617 806 669 agni
837 627 1021 668 corpore.

828 894 911 935 LH.

247 995 376 1049 mn!
414 993 623 1048 vERsvs
663 992 965 1046 Fomvffll
1003 991 1069 1044 An
1108 988 1483 1043 CHILPERICVM

768 1079 972 1133 REGEH.

269 1199 430 1250 Aspera
461 1196 641 1238 conditio
672 1199 713 1236 et
747 1207 836 1236 sors
865 1192 1161 1235 inrouocabilis
1192 1193 1330 1242 horae,

326 1264 460 1313 Quam
491 1263 636 1316 generi
666 1261 847 1302 humano
877 1259 1014 1301 tristis
1045 1259 1161 1311 origo
1191 1257 1317 1308 dedit,

271 1329 375 1371 Cum
405 1329 585 1370 suadens
616 1326 782 1370 coluber
812 1326 989 1379 proiecit
1021 1325 1072 1365 ab
1103 1336 1172 1366 ore
1204 1334 1423 1372 uenenum,

326 1396 471 1437 Morsu
500 1399 543 1436 et
574 1393 782 1446 serpentis
813 1403 924 1432 mors
955 1390 1035 1432 fuit
1066 1390 1157 1431 Eua
1189 1400 1352 1430 nocens.

217 1475 236 1507 5
274 1461 463 1514 Sumpsit
502 1460 554 1501 ab
595 1460 685 1512 ipso
721 1462 875 1500 extunc
904 1458 1036 1499 Adam
1066 1460 1187 1509 patre
1217 1459 1331 1496 terra
1361 1454 1473 1495 dolo-

324 1527 381 1567 Et
401 1526 450 1567 de
472 1530 607 1567 matre
626 1536 797 1577 gemens
818 1524 997 1565 mundus
1019 1534 1160 1564 amara
1180 1522 1304 1574 capit.
1364 1520 1470 1574 [rem

270 1592 603 1634 Praeuaricando
635 1591 716 1631 duo
746 1591 895 1643 probro
925 1590 1177 1631 damnantur
1206 1587 1374 1628 acerbo:

325 1658 401 1699 Ille
432 1657 570 1698 labore
601 1657 727 1704 dolet„
764 1656 864 1697 haee
894 1655 1133 1707 generando
1163 1653 1304 1706 gemit.

272 1725 388 1767 Mors
418 1724 535 1765 uenit
566 1723 660 1764 inde
690 1734 819 1763 uorax
850 1722 1096 1763 transmissa
1128 1719 1349 1772 nepotibus
1370 1717 1470 1770 ipsis

219 1802 259 1835 lo
327 1789 599 1841 Heredesque
630 1800 725 1829 suos
757 1787 867 1829 tollit
900 1787 1015 1840 origo
1046 1798 1211 1827 nocens.

272 1855 379 1897 Ecce
410 1855 488 1896 hoe
518 1855 640 1896 triste
670 1852 788 1894 nefas
819 1852 937 1894 nobis
972 1864 1153 1905 genuere
1184 1853 1394 1903 parentes3

326 1921 531 1972 Coeperat
561 1920 669 1961 unde
699 1919 827 1971 prius,
860 1918 954 1959 hinc
985 1918 1071 1958 ruit
1101 1929 1221 1958 omne
1251 1927 1394 1969 genus.

271 1986 436 2027 Primus
467 1986 570 2027 Abel
599 1985 750 2027 cecidit
780 1984 1013 2025 miserando
1045 1983 1218 2024 uulnere
1249 1993 1392 2023 caesus

324 2053 384 2094 Ao
413 2052 597 2094 fraterna
628 2051 706 2093 sibi
737 2050 900 2092 sarcula
932 2049 1119 2091 membra
1149 2048 1303 2090 fodent.

305 2195 346 2228 V.
370 2196 411 2228 56
437 2195 618 2238 praetium
643 2194 764 2229 seculi.
804 2194 845 2227 58
869 2193 941 2235 fuit
965 2195 1076 2227 naute
1126 2190 1326 2235 naufragio.

305 2249 378 2282 LII.
405 2248 487 2283 Cod.
513 2248 622 2282 Rern.
647 2252 711 2281 455
734 2259 760 2282 s.
789 2248 827 2281 X
849 2248 874 2290 f.
902 2249 975 2280 1:3b.

306 2305 347 2338 V.
374 2305 388 2338 1
414 2303 510 2338 hore.
544 2305 563 2337 4
588 2307 624 2337 et
644 2303 791 2347 punctis
815 2303 1062 2345 subterpositis
1087 2302 1250 2336 deletum.
1278 2301 1296 2334 7
1321 2301 1524 2345 dampnan-

218 2360 287 2394 tur.
329 2360 367 2393 lo
393 2358 539 2402 nocens]
571 2369 749 2402 suprascr.
778 2369 818 2391 m.
846 2358 900 2391 II.
925 2357 1028 2392 neeis.
1071 2357 1110 2390 12
1140 2357 1312 2400 coeperat.
1351 2356 1389 2389 13
1415 2366 1522 2396 cesus,
