1643 2574
234 136 308 175 126
617 142 835 178 CARMINA
858 142 995 177 MEDII
1018 143 1140 177 AEVI.

284 254 429 295 Ardua
457 253 652 296 dulcifluo
681 253 784 295 dans
813 265 998 304 munera,
1029 253 1257 305 splendide,
1287 257 1404 295 nutu.

230 331 270 364 15
284 319 441 372 Nempe
470 320 555 360 tuis
585 319 754 360 monitis
784 319 973 360 extendis
1003 319 1166 359 uiscera
1188 322 1338 361 terrae.

284 385 415 426 Tutor
444 385 554 425 enim
583 384 857 436 dominusque
884 384 963 425 tibi
990 396 1067 435 per
1097 383 1234 425 sidera
1263 395 1422 435 nomen,

286 450 442 492 Sancta
470 451 583 491 salus
615 450 744 490 nimia
773 453 814 491 et
843 450 1017 491 uirtutis
1048 451 1165 502 eopia
1193 461 1351 496 cursus,

285 516 382 557 Iure
413 516 581 568 quidem
610 515 737 556 rutilo
767 515 936 556 deducis
966 517 1153 568 tempora
1182 518 1225 555 et
1252 515 1303 556 ob
1332 514 1411 556 hoc

287 581 470 623 Nutibus
499 582 661 622 eximiis
691 581 841 622 tribuis
872 581 1048 622 caeleste
1075 580 1271 622 tribunal.

232 659 275 692 20
288 647 499 689 Ecclesiae
527 647 747 699 splendens
776 647 934 699 lampas
963 646 1155 687 redimita
1184 645 1299 697 sofia,

288 713 318 753 F
324 725 371 754 ac
401 713 597 754 Carolum
628 715 814 762 auctum,
845 715 910 762 tu,
942 710 1052 753 felici
1081 715 1194 753 sorte
1223 711 1445 752 redemtor.

285 779 325 821 Is
353 783 494 820 tamen
523 791 545 819 e
575 778 671 819 fidei
700 778 960 830 praepollens
990 778 1187 830 stigmate
1217 777 1344 818 sudae

288 844 410 885 Nunc
438 845 620 885 retinere
649 847 789 897 potest
820 843 983 890 subnixi
1012 844 1180 896 cespitis
1210 855 1317 885 oras.

288 910 371 961 En7
393 922 647 951 summorum
668 909 776 950 huno
797 914 1044 959 consortem,
1067 909 1245 956 Christe,
1263 909 1412 950 ducum
1433 908 1508 958 fae,

230 987 272 1020 25
287 975 473 1029 Congrue
503 988 605 1029 quos
634 977 749 1017 uexit
777 975 986 1017 delectans
1015 975 1145 1027 gloria
1176 987 1363 1027 pompae.

288 1042 452 1094 Regnat
480 1042 521 1082 in
551 1042 650 1083 orbe
679 1042 746 1093 pio
778 1042 957 1083 ditatum
987 1054 1037 1082 ex
1068 1040 1237 1082 flumine
1266 1040 1417 1081 flumen

292 1108 347 1149 Et
375 1107 530 1148 domini
560 1109 727 1149 monitis
759 1108 994 1160 sanctisque
1024 1111 1165 1149 tuetur
1194 1107 1245 1147 ab
1276 1107 1373 1147 aris.

291 1173 449 1214 Annuit
478 1174 512 1214 is
542 1173 660 1224 mihi,
692 1173 762 1225 qui
791 1185 883 1214 sum
913 1174 1112 1215 inmensis
1142 1172 1306 1214 casibus
1336 1172 1442 1221 exul,

292 1239 412 1280 Talia
441 1239 603 1291 prolato
634 1243 679 1280 ut
708 1251 892 1291 promam
925 1251 1034 1280 nunc
1063 1239 1247 1280 carmina
1275 1241 1425 1279 tractu.

234 1317 276 1350 30
291 1306 533 1358 Artipotens
562 1305 688 1346 nimio
717 1305 900 1356 disponit
928 1304 1094 1346 foedere
1123 1303 1337 1356 templum,

288 1372 397 1414 Cara
426 1371 496 1412 ubi
527 1371 653 1413 uerba
682 1371 778 1412 boni
809 1371 1001 1413 Christus
1030 1370 1218 1412 concedit
1247 1370 1347 1411 oliui

291 1439 430 1489 Atque
459 1438 570 1490 capit
599 1450 749 1490 purum
780 1437 1017 1478 ueneranda
1047 1450 1070 1478 a
1101 1441 1211 1478 sorte
1238 1436 1421 1477 litamen.

287 1503 411 1544 Nunc
440 1504 549 1544 laeto
578 1503 726 1554 ingens
756 1515 850 1555 spes
881 1515 975 1544 cum
1005 1504 1111 1544 mira
1140 1503 1317 1554 coniuge
1347 1513 1445 1553 rege

290 1569 493 1610 Omnibus
522 1569 692 1620 augebit
723 1573 916 1610 conatum
947 1574 990 1610 et
1020 1568 1201 1621 proemia
1233 1568 1401 1617 sanetis,

235 1645 276 1679 :35
292 1635 495 1676 Ruricolis
524 1634 744 1675 tribuendo
774 1646 977 1675 annonam
1007 1635 1204 1687 temporis
1235 1637 1343 1674 actu.

290 1700 397 1742 Ecce
427 1701 558 1752 igitur
586 1711 678 1741 mea
707 1701 909 1749 carmina,
943 1700 1079 1752 proles
1109 1700 1287 1741 maxima
1317 1698 1464 1749 Dauid,

290 1766 515 1817 Muniaque
544 1770 590 1807 ut
620 1778 773 1816 sumas,
803 1767 1025 1818 prostratis
1054 1765 1242 1807 uultibus
1263 1769 1371 1817 opto.

790 1983 975 2024 LXXVI.

291 2083 457 2124 Summe
488 2087 605 2124 sator
635 2095 790 2129 rerum,
821 2083 890 2135 qui
922 2082 1049 2124 uerbo
1080 2085 1229 2123 cuncta
1257 2082 1410 2123 creasti

291 2149 433 2200 Atque
462 2160 563 2200 opus
594 2161 713 2190 omne
742 2152 859 2189 tuum
893 2148 1039 2189 dextra
1068 2152 1114 2189 tu
1143 2147 1223 2188 rite
1253 2148 1426 2199 parasti,

292 2214 536 2255 Luminibus
566 2215 722 2256 caelum
752 2218 792 2256 et
822 2215 947 2256 ramis
980 2213 1222 2255 florentibus
1252 2224 1354 2253 arua

323 2323 481 2356 LXXVI.
507 2323 588 2357 Cod.
615 2323 826 2358 Genecensz's
849 2326 892 2356 22
915 2333 940 2357 s.
966 2323 998 2356 X
1021 2324 1045 2365 f.
1070 2322 1120 2355 3¹²ss
