1643 2574
375 192 554 227 VERSVS
579 191 640 225 DE
664 189 848 225 SANCTO
873 187 1119 223 GERMANO.

308 304 441 346 Fonte
470 302 656 354 repletos
687 301 874 342 caritatis

309 369 485 412 Gemine
515 372 611 421 post
640 370 821 408 mortem
851 365 988 406 carnis

364 435 592 488 Impetrate
622 433 780 473 uiuere.

256 524 320 567 Sit
349 522 533 565 trinitati
563 521 818 573 sempiterna
847 519 996 571 gloria,

255 590 412 641 Honor,
444 591 634 642 potestas
665 590 793 639 atque
824 585 1028 635 iubilatio,

256 657 304 697 In
334 655 496 696 unitate
526 654 592 695 cui
622 655 763 693 manet
792 650 1016 703 imperium

259 722 424 763 Extunc
455 724 497 761 et
527 719 650 760 modo
681 729 755 769 per
786 720 960 758 aeterna
990 713 1169 756 saecula.

680 969 832 1012 XXXI.

329 1078 535 1134 VERsvs
572 1078 637 1130 DE
676 1073 875 1130 SANCTo
913 1070 1185 1126 GERMANG.

261 1206 347 1249 Iste
377 1204 593 1247 confessor
623 1201 778 1244 domini
809 1203 1013 1250 sacratus,

262 1273 389 1314 Festa
418 1270 535 1324 plebs
564 1269 684 1311 cuius
713 1267 898 1309 celebrat
927 1278 1002 1318 per
1032 1264 1186 1313 orbem,

262 1338 397 1380 Hodie
427 1337 566 1378 laetus
596 1334 751 1376 meruit
781 1336 944 1374 secreta

321 1403 527 1446 Scandere
557 1401 673 1443 caeli.

263 1493 344 1543 Qui
373 1492 480 1545 pius,
511 1489 707 1543 prudens,
738 1486 920 1529 humilis,
950 1484 1140 1537 pudicus,

265 1559 451 1609 Sobrius,
481 1560 622 1598 castus
652 1554 733 1595 fuit
762 1558 805 1594 et
835 1551 1016 1605 quietus,

264 1624 364 1667 Vita
394 1624 491 1665 dum
520 1632 721 1676 praesens
753 1617 973 1671 uegetauit
1003 1616 1092 1657 eius

320 1689 513 1743 Corporis
543 1691 677 1729 artus

266 1777 330 1819 Ad
360 1788 524 1819 sacrum
555 1774 675 1816 cuius
704 1771 915 1815 tumulum
944 1769 1185 1821 frequenter

268 1843 457 1885 Membra
485 1842 761 1893 languentum
790 1837 911 1878 niodo
943 1834 1129 1881 sanitati5

270 1909 471 1960 Quolibet
500 1907 643 1949 inorbo
674 1905 833 1946 fuerint
862 1905 1053 1955 grauata,

325 1974 639 2017 Restituuntur.

274 2063 396 2106 Unde
425 2073 534 2103 nunc
562 2064 706 2101 noster
736 2059 886 2099 chorus
920 2057 960 2096 in
992 2054 1169 2095 honores

273 2130 410 2182 Ipsius
440 2128 641 2181 hymnum
670 2128 794 2166 canat
822 2123 933 2163 hunc
962 2120 1144 2161 libenter

198 2273 239 2307 V.
263 2273 305 2306 *25
327 2272 401 2314 fuit
426 2269 677 2314 sempiternae.
714 2268 756 2301 28
781 2264 940 2308 saecula]
965 2263 1133 2297 additum
1157 2270 1272 2295 amen.

201 2327 329 2361 XXXI.
355 2326 439 2360 Cod.
464 2325 573 2358 Rern.
599 2326 663 2355 455
687 2332 713 2356 s.
741 2321 780 2354 X
801 2321 827 2364 f.
853 2321 907 2352 6¹³.

202 2383 242 2415 V.
267 2383 286 2415 2
311 2381 505 2415 caelebrat.
542 2380 583 2412 13
607 2378 772 2411 honores.
798 2387 812 2408 s
836 2376 875 2408 in
898 2384 967 2408 ras.
1005 2374 1046 2406 14
1070 2372 1179 2406 canat
1203 2370 1390 2412 hymnum.

1363 524 1406 557 25

1379 1840 1420 1874 10
