1643 2574
394 169 575 206 VERSVS
600 169 661 203 DE
707 154 846 201 IACOB
871 164 928 199 ET
952 154 1132 197 IOSEPH.

413 281 479 323 Me
512 281 553 321 in
585 278 741 320 somnis
772 275 947 316 adorare

413 345 670 388 Venerandis
701 342 870 384 radiis.»

412 413 476 455 Ob
508 423 633 464 quam
665 420 831 450 causam
861 405 976 448 duris
1007 415 1103 446 eum

410 479 537 521 Pater
568 475 692 517 dictis
723 473 911 525 corripit,

411 545 582 586 Tacitus
612 546 754 583 tamen
784 551 873 580 rem
905 538 1091 579 clausam

412 610 620 652 Voluebat
651 608 728 649 sub
759 610 938 659 pectore.

465 698 544 740 His
573 697 651 738 hoc
680 694 802 736 modo
833 691 966 745 gestis
996 693 1117 744 pater

410 763 560 817 Ioseph
589 773 731 804 carum
760 759 893 801 filium

413 829 649 872 Accersiuit
678 831 719 869 et
750 826 802 867 ad
833 825 987 865 fratres

414 897 463 938 In
494 894 714 949 pascendis
745 891 954 944 gregibus,

415 962 496 1004 Ubi
528 963 660 1009 erant,
692 958 816 1000 iussit
846 957 919 1007 ire,

414 1028 475 1071 Ut
505 1027 642 1078 sciret,
674 1025 775 1078 quid
805 1024 988 1076 agerent,

417 1095 476 1135 Ac
507 1093 656 1134 salutis
687 1101 858 1133 causam
888 1087 1001 1140 patri

417 1159 638 1213 Repedans
669 1158 908 1209 exponeret.

480 1247 666 1298 Cumque
697 1256 791 1286 eum
821 1242 974 1283 fratres
1004 1239 1069 1281 sui

422 1315 456 1355 A
486 1314 609 1365 longe
640 1310 938 1364 prospicerent,

422 1378 646 1421 Recordati
681 1376 936 1418 somniorum

420 1446 546 1486 Pleno
577 1444 672 1485 dolo
694 1444 880 1495 pectore:

424 1511 595 1561 «Ecce‚»
629 1508 837 1560 inquiunt,
874 1504 1070 1547 «aduenit

423 1577 659 1618 Somniator
688 1584 943 1626 praesagus:

423 1644 555 1693 Hunc,
588 1642 741 1691 uenite,
773 1638 1011 1680 occidamus

428 1709 480 1750 Et
514 1709 696 1750 celemus
729 1705 987 1757 sanguinem.

482 1785 598 1826 Tunc
627 1783 789 1825 uidebit
821 1780 920 1834 quid
949 1779 1174 1833 proderunt

424 1852 490 1893 llli
521 1863 594 1892 sua
625 1849 786 1891 somnia

428 1918 514 1958 Aut
545 1917 580 1958 si
611 1928 712 1957 uera
741 1914 979 1955 retulerunt

428 1983 508 2024 Per
538 1983 675 2023 uisum
707 1979 922 2033 auguria.»

428 2049 543 2090 Haec
574 2048 761 2088 dicentes
793 2045 1088 2086 abstraxerunt.

429 2115 632 2156 Tunicam
663 2113 897 2165 polimitam

430 2181 485 2222 Et
515 2182 556 2222 in
585 2180 723 2221 lacum
754 2178 1008 2219 remiserunt

428 2248 696 2289 Innocenteni
728 2255 901 2296 puerum

219 2360 257 2392 Vr
285 2359 326 2393 72
351 2359 531 2394 uoluebat.
568 2358 606 2390 91
634 2357 660 2390 si
687 2366 823 2390 reuera.

1368 148 1417 188 87

1381 475 1423 508 70

1388 1154 1429 1188 80

1390 1510 1432 1542 85

1395 1853 1438 1885 90
