<?xml version="1.0" encoding="UTF-8"?>
<!DOCTYPE html PUBLIC "-//W3C//DTD XHTML 1.0 Transitional//EN"
    "http://www.w3.org/TR/xhtml1/DTD/xhtml1-transitional.dtd">
<html xmlns="http://www.w3.org/1999/xhtml" xml:lang="en" lang="en">
 <head>
  <title>
</title>
<meta http-equiv="Content-Type" content="text/html;charset=utf-8" />
  <meta name='ocr-system' content='tesseract 3.04.00' />
  <meta name='ocr-capabilities' content='ocr_page ocr_carea ocr_par ocr_line ocrx_word'/>
</head>
<body>
  <div class='ocr_page' id='page_1' title='image "./carminamediiaevi00domuuoft_0117.png"; bbox 0 0 1643 2574; ppageno 0'>
   <div class='ocr_carea' id='block_1_1' title="bbox 107 2265 366 2269">
    <p class='ocr_par' dir='ltr' id='par_1_1' title="bbox 107 2265 366 2269">
     <span class='ocr_line' id='line_1_1' title="bbox 107 2265 366 2269; baseline 0 0"><span class='ocrx_word' id='word_1_1' title='bbox 107 2265 366 2269; x_wconf 95' lang='lat' dir='ltr'> </span> 
     </span>
    </p>
   </div>
   <div class='ocr_carea' id='block_1_2' title="bbox 193 2308 1238 2356">
    <p class='ocr_par' dir='ltr' id='par_1_2' title="bbox 193 2308 1238 2356">
     <span class='ocr_line' id='line_1_2' title="bbox 193 2308 1238 2356; baseline -0.009 -6"><span class='ocrx_word' id='word_1_2' title='bbox 193 2315 236 2350; x_wconf 92' lang='lat' dir='ltr'>V.</span> <span class='ocrx_word' id='word_1_3' title='bbox 262 2316 324 2350; x_wconf 75' lang='lat'>128</span> <span class='ocrx_word' id='word_1_4' title='bbox 354 2316 393 2349; x_wconf 88' lang='lat' dir='ltr'>in</span> <span class='ocrx_word' id='word_1_5' title='bbox 425 2316 585 2353; x_wconf 79' lang='lat' dir='ltr'>defecto,</span> <span class='ocrx_word' id='word_1_6' title='bbox 621 2322 802 2356; x_wconf 74' lang='lat' dir='ltr'><strong><em>suprascr.</em></strong></span> <span class='ocrx_word' id='word_1_7' title='bbox 837 2322 901 2346; x_wconf 82' lang='lat' dir='ltr'>ser.</span> <span class='ocrx_word' id='word_1_8' title='bbox 947 2311 1007 2345; x_wconf 83' lang='grc'>131</span> <span class='ocrx_word' id='word_1_9' title='bbox 1041 2308 1238 2344; x_wconf 73' lang='lat' dir='ltr'>senectutis</span> 
     </span>
    </p>
   </div>
   <div class='ocr_carea' id='block_1_3' title="bbox 110 2371 212 2405">
    <p class='ocr_par' dir='ltr' id='par_1_3' title="bbox 110 2371 212 2405">
     <span class='ocr_line' id='line_1_3' title="bbox 110 2371 212 2405; baseline -0.01 0"><span class='ocrx_word' id='word_1_10' title='bbox 110 2371 212 2405; x_wconf 74' lang='lat' dir='ltr'>mult.</span> 
     </span>
    </p>
   </div>
   <div class='ocr_carea' id='block_1_4' title="bbox 392 181 1108 223">
    <p class='ocr_par' dir='ltr' id='par_1_4' title="bbox 392 181 1108 223">
     <span class='ocr_line' id='line_1_4' title="bbox 392 181 1108 223; baseline -0.011 0"><span class='ocrx_word' id='word_1_11' title='bbox 392 186 570 223; x_wconf 76' lang='lat' dir='ltr'><strong>VERSVS</strong></span> <span class='ocrx_word' id='word_1_12' title='bbox 598 186 657 220; x_wconf 85' lang='lat' dir='ltr'>DE</span> <span class='ocrx_word' id='word_1_13' title='bbox 681 184 820 220; x_wconf 88' lang='lat' dir='ltr'>IAOOB</span> <span class='ocrx_word' id='word_1_14' title='bbox 845 183 903 218; x_wconf 90' lang='grc' dir='ltr'>ΕΤ</span> <span class='ocrx_word' id='word_1_15' title='bbox 929 181 1108 217; x_wconf 83' lang='lat' dir='ltr'>IOSEPH.</span> 
     </span>
    </p>
   </div>
   <div class='ocr_carea' id='block_1_5' title="bbox 394 294 901 413">
    <p class='ocr_par' dir='ltr' id='par_1_5' title="bbox 394 294 901 413">
     <span class='ocr_line' id='line_1_5' title="bbox 394 294 901 348; baseline -0.012 -8"><span class='ocrx_word' id='word_1_16' title='bbox 394 299 503 340; x_wconf 81' lang='lat' dir='ltr'>Mira</span> <span class='ocrx_word' id='word_1_17' title='bbox 533 299 606 338; x_wconf 85' lang='lat' dir='ltr'>tua</span> <span class='ocrx_word' id='word_1_18' title='bbox 637 294 901 348; x_wconf 77' lang='lat' dir='ltr'>pulchritudo</span> 
     </span>
     <span class='ocr_line' id='line_1_6' title="bbox 396 360 802 413; baseline -0.007 -8"><span class='ocrx_word' id='word_1_19' title='bbox 396 364 441 404; x_wconf 94' lang='lat' dir='ltr'>In</span> <span class='ocrx_word' id='word_1_20' title='bbox 472 363 636 404; x_wconf 86' lang='lat' dir='ltr'>deserto</span> <span class='ocrx_word' id='word_1_21' title='bbox 665 360 802 413; x_wconf 82' lang='lat' dir='ltr'>periit.</span> 
     </span>
    </p>
   </div>
   <div class='ocr_carea' id='block_1_6' title="bbox 394 456 1081 964">
    <p class='ocr_par' dir='ltr' id='par_1_6' title="bbox 394 456 1081 700">
     <span class='ocr_line' id='line_1_7' title="bbox 453 456 1081 511; baseline -0.01 -8"><span class='ocrx_word' id='word_1_22' title='bbox 453 462 546 503; x_wconf 92' lang='lat' dir='ltr'>Heu</span> <span class='ocrx_word' id='word_1_23' title='bbox 575 472 654 511; x_wconf 84' lang='lat' dir='ltr'>me,</span> <span class='ocrx_word' id='word_1_24' title='bbox 684 458 745 500; x_wconf 85' lang='lat' dir='ltr'>fili</span> <span class='ocrx_word' id='word_1_25' title='bbox 775 469 891 499; x_wconf 89' lang='lat' dir='ltr'>meus</span> <span class='ocrx_word' id='word_1_26' title='bbox 922 456 1081 510; x_wconf 76' lang='lat' dir='ltr'>Ioseph,</span> 
     </span>
     <span class='ocr_line' id='line_1_8' title="bbox 397 524 867 577; baseline -0.013 -8"><span class='ocrx_word' id='word_1_27' title='bbox 397 528 555 577; x_wconf 84' lang='lat' dir='ltr'>Dulcis,</span> <span class='ocrx_word' id='word_1_28' title='bbox 587 537 703 568; x_wconf 86' lang='lat' dir='ltr'>amor</span> <span class='ocrx_word' id='word_1_29' title='bbox 732 524 867 574; x_wconf 83' lang='lat' dir='ltr'>unice,</span> 
     </span>
     <span class='ocr_line' id='line_1_9' title="bbox 394 591 981 640; baseline -0.012 -5"><span class='ocrx_word' id='word_1_30' title='bbox 394 593 599 635; x_wconf 84' lang='lat' dir='ltr'>Baculum</span> <span class='ocrx_word' id='word_1_31' title='bbox 630 602 745 632; x_wconf 83' lang='lat' dir='ltr'>meae</span> <span class='ocrx_word' id='word_1_32' title='bbox 777 591 981 640; x_wconf 79' lang='lat' dir='ltr'>senectae,</span> 
     </span>
     <span class='ocr_line' id='line_1_10' title="bbox 401 656 792 700; baseline -0.015 1"><span class='ocrx_word' id='word_1_33' title='bbox 401 659 518 700; x_wconf 86' lang='lat' dir='ltr'>Patri</span> <span class='ocrx_word' id='word_1_34' title='bbox 549 656 792 699; x_wconf 84' lang='lat' dir='ltr'>consolatio.</span> 
     </span>
    </p>

    <p class='ocr_par' dir='ltr' id='par_1_7' title="bbox 397 725 982 964">
     <span class='ocr_line' id='line_1_11' title="bbox 398 725 982 766; baseline -0.012 0"><span class='ocrx_word' id='word_1_35' title='bbox 398 725 561 766; x_wconf 89' lang='lat' dir='ltr'>Lumen</span> <span class='ocrx_word' id='word_1_36' title='bbox 591 734 685 764; x_wconf 81' lang='lat' dir='ltr'>eras</span> <span class='ocrx_word' id='word_1_37' title='bbox 716 726 763 763; x_wconf 87' lang='lat' dir='ltr'>tu</span> <span class='ocrx_word' id='word_1_38' title='bbox 794 731 982 761; x_wconf 88' lang='lat' dir='ltr'>meorum</span> 
     </span>
     <span class='ocr_line' id='line_1_12' title="bbox 400 786 879 840; baseline -0.015 -8"><span class='ocrx_word' id='word_1_39' title='bbox 400 790 626 832; x_wconf 81' lang='lat' dir='ltr'>Oculorum</span> <span class='ocrx_word' id='word_1_40' title='bbox 656 786 879 840; x_wconf 82' lang='lat' dir='ltr'>geminum,</span> 
     </span>
     <span class='ocr_line' id='line_1_13' title="bbox 398 852 863 897; baseline -0.011 0"><span class='ocrx_word' id='word_1_41' title='bbox 398 857 488 897; x_wconf 84' lang='lat' dir='ltr'>Tua</span> <span class='ocrx_word' id='word_1_42' title='bbox 516 867 607 896; x_wconf 86' lang='lat' dir='ltr'>mea</span> <span class='ocrx_word' id='word_1_43' title='bbox 643 852 863 895; x_wconf 83' lang='lat' dir='ltr'>refouebat</span> 
     </span>
     <span class='ocr_line' id='line_1_14' title="bbox 397 920 881 964; baseline -0.012 -1"><span class='ocrx_word' id='word_1_44' title='bbox 397 920 672 964; x_wconf 82' lang='lat' dir='ltr'>Pulchritudo</span> <span class='ocrx_word' id='word_1_45' title='bbox 704 920 881 960; x_wconf 76' lang='lat' dir='ltr'>uiscera.</span> 
     </span>
    </p>
   </div>
   <div class='ocr_carea' id='block_1_7' title="bbox 398 1005 1016 1523">
    <p class='ocr_par' dir='ltr' id='par_1_8' title="bbox 399 1005 1009 1248">
     <span class='ocr_line' id='line_1_15' title="bbox 461 1005 1009 1051; baseline -0.011 0"><span class='ocrx_word' id='word_1_46' title='bbox 461 1009 621 1051; x_wconf 86' lang='lat' dir='ltr'>Cuncta</span> <span class='ocrx_word' id='word_1_47' title='bbox 649 1006 753 1048; x_wconf 91' lang='lat' dir='ltr'>mihi</span> <span class='ocrx_word' id='word_1_48' title='bbox 782 1005 1009 1047; x_wconf 84' lang='lat' dir='ltr'>affluebant</span> 
     </span>
     <span class='ocr_line' id='line_1_16' title="bbox 406 1072 902 1125; baseline -0.008 -9"><span class='ocrx_word' id='word_1_49' title='bbox 406 1075 561 1116; x_wconf 86' lang='lat' dir='ltr'>Tecum</span> <span class='ocrx_word' id='word_1_50' title='bbox 592 1073 701 1115; x_wconf 84' lang='lat' dir='ltr'>bona</span> <span class='ocrx_word' id='word_1_51' title='bbox 731 1072 902 1125; x_wconf 78' lang='lat' dir='ltr'>pariter,</span> 
     </span>
     <span class='ocr_line' id='line_1_17' title="bbox 399 1136 982 1182; baseline -0.012 1"><span class='ocrx_word' id='word_1_52' title='bbox 399 1141 676 1182; x_wconf 87' lang='lat' dir='ltr'>Deuenerunt</span> <span class='ocrx_word' id='word_1_53' title='bbox 706 1138 748 1179; x_wconf 88' lang='lat' dir='ltr'>in</span> <span class='ocrx_word' id='word_1_54' title='bbox 778 1150 842 1178; x_wconf 88' lang='lat' dir='ltr'>me</span> <span class='ocrx_word' id='word_1_55' title='bbox 872 1136 982 1178; x_wconf 86' lang='lat' dir='ltr'>mala</span> 
     </span>
     <span class='ocr_line' id='line_1_18' title="bbox 402 1204 846 1248; baseline -0.011 0"><span class='ocrx_word' id='word_1_56' title='bbox 402 1207 460 1248; x_wconf 91' lang='lat' dir='ltr'>Te</span> <span class='ocrx_word' id='word_1_57' title='bbox 490 1206 665 1247; x_wconf 84' lang='lat' dir='ltr'>absente</span> <span class='ocrx_word' id='word_1_58' title='bbox 695 1204 846 1246; x_wconf 82' lang='lat' dir='ltr'>omnia.</span> 
     </span>
    </p>

    <p class='ocr_par' dir='ltr' id='par_1_9' title="bbox 398 1268 1016 1523">
     <span class='ocr_line' id='line_1_19' title="bbox 406 1268 1013 1319; baseline -0.013 -4"><span class='ocrx_word' id='word_1_59' title='bbox 406 1273 510 1316; x_wconf 90' lang='lat' dir='ltr'>Cum</span> <span class='ocrx_word' id='word_1_60' title='bbox 541 1271 683 1313; x_wconf 89' lang='lat' dir='ltr'>dolore</span> <span class='ocrx_word' id='word_1_61' title='bbox 715 1269 836 1311; x_wconf 86' lang='lat' dir='ltr'>modo</span> <span class='ocrx_word' id='word_1_62' title='bbox 866 1268 1013 1319; x_wconf 82' lang='lat' dir='ltr'>lugens</span> 
     </span>
     <span class='ocr_line' id='line_1_20' title="bbox 403 1333 977 1380; baseline -0.014 0"><span class='ocrx_word' id='word_1_63' title='bbox 403 1337 621 1380; x_wconf 87' lang='lat' dir='ltr'>Descendo</span> <span class='ocrx_word' id='word_1_64' title='bbox 652 1337 693 1377; x_wconf 89' lang='lat' dir='ltr'>in</span> <span class='ocrx_word' id='word_1_65' title='bbox 724 1333 977 1377; x_wconf 84' lang='lat' dir='ltr'>saeculum.»</span> 
     </span>
     <span class='ocr_line' id='line_1_21' title="bbox 402 1399 1016 1453; baseline -0.01 -8"><span class='ocrx_word' id='word_1_66' title='bbox 402 1404 490 1445; x_wconf 80' lang='lat' dir='ltr'>Hoc</span> <span class='ocrx_word' id='word_1_67' title='bbox 519 1402 641 1444; x_wconf 88' lang='lat' dir='ltr'>modo</span> <span class='ocrx_word' id='word_1_68' title='bbox 671 1400 796 1443; x_wconf 84' lang='lat' dir='ltr'>Iacob</span> <span class='ocrx_word' id='word_1_69' title='bbox 826 1399 1016 1453; x_wconf 79' lang='lat' dir='ltr'>plorabat</span> 
     </span>
     <span class='ocr_line' id='line_1_22' title="bbox 398 1468 941 1523; baseline -0.011 -11"><span class='ocrx_word' id='word_1_70' title='bbox 398 1469 547 1523; x_wconf 87' lang='lat' dir='ltr'>Ioseph</span> <span class='ocrx_word' id='word_1_71' title='bbox 579 1468 711 1510; x_wconf 88' lang='lat' dir='ltr'>multo</span> <span class='ocrx_word' id='word_1_72' title='bbox 740 1471 941 1520; x_wconf 86' lang='lat' dir='ltr'>tempore.</span> 
     </span>
    </p>
   </div>
   <div class='ocr_carea' id='block_1_8' title="bbox 402 1553 1098 2071">
    <p class='ocr_par' dir='ltr' id='par_1_10' title="bbox 402 1553 1054 1940">
     <span class='ocr_line' id='line_1_23' title="bbox 458 1553 1054 1609; baseline -0.01 -10"><span class='ocrx_word' id='word_1_73' title='bbox 458 1557 536 1598; x_wconf 90' lang='lat' dir='ltr'>His</span> <span class='ocrx_word' id='word_1_74' title='bbox 566 1555 745 1609; x_wconf 81' lang='lat' dir='ltr'>peractis</span> <span class='ocrx_word' id='word_1_75' title='bbox 774 1553 1054 1596; x_wconf 83' lang='lat' dir='ltr'>uenumdatus</span> 
     </span>
     <span class='ocr_line' id='line_1_24' title="bbox 404 1611 967 1675; baseline -0.009 -10"><span class='ocrx_word' id='word_1_76' title='bbox 404 1611 482 1665; x_wconf 66' lang='lat' dir='ltr'>E&#39;st</span> <span class='ocrx_word' id='word_1_77' title='bbox 511 1622 662 1675; x_wconf 89' lang='lat' dir='ltr'>Ioseph</span> <span class='ocrx_word' id='word_1_78' title='bbox 691 1621 733 1662; x_wconf 88' lang='lat' dir='ltr'>in</span> <span class='ocrx_word' id='word_1_79' title='bbox 764 1621 967 1673; x_wconf 76' lang='lat' dir='ltr'>Aegypto,</span> 
     </span>
     <span class='ocr_line' id='line_1_25' title="bbox 402 1686 1045 1735; baseline -0.009 -4"><span class='ocrx_word' id='word_1_80' title='bbox 402 1690 605 1731; x_wconf 84' lang='lat' dir='ltr'>Innocens</span> <span class='ocrx_word' id='word_1_81' title='bbox 638 1688 679 1729; x_wconf 85' lang='lat' dir='ltr'>in</span> <span class='ocrx_word' id='word_1_82' title='bbox 709 1687 847 1729; x_wconf 86' lang='lat' dir='ltr'>lacum</span> <span class='ocrx_word' id='word_1_83' title='bbox 877 1686 1045 1735; x_wconf 74' lang='lat' dir='ltr'>missus,</span> 
     </span>
     <span class='ocr_line' id='line_1_26' title="bbox 404 1752 960 1809; baseline -0.009 -12"><span class='ocrx_word' id='word_1_84' title='bbox 404 1756 582 1809; x_wconf 86' lang='lat' dir='ltr'>Propter</span> <span class='ocrx_word' id='word_1_85' title='bbox 613 1753 721 1807; x_wconf 89' lang='lat' dir='ltr'>quod</span> <span class='ocrx_word' id='word_1_86' title='bbox 752 1752 960 1794; x_wconf 84' lang='lat' dir='ltr'>nefarium</span> 
     </span>
     <span class='ocr_line' id='line_1_27' title="bbox 403 1821 986 1872; baseline -0.009 -8"><span class='ocrx_word' id='word_1_87' title='bbox 403 1823 498 1864; x_wconf 90' lang='lat' dir='ltr'>Non</span> <span class='ocrx_word' id='word_1_88' title='bbox 529 1821 715 1863; x_wconf 79' lang='lat' dir='ltr'>adsensit</span> <span class='ocrx_word' id='word_1_89' title='bbox 745 1822 986 1872; x_wconf 82' lang='lat' dir='ltr'>perpetrare</span> 
     </span>
     <span class='ocr_line' id='line_1_28' title="bbox 404 1884 901 1940; baseline -0.01 -11"><span class='ocrx_word' id='word_1_90' title='bbox 404 1888 520 1940; x_wconf 84' lang='lat' dir='ltr'>Opus</span> <span class='ocrx_word' id='word_1_91' title='bbox 553 1887 678 1928; x_wconf 92' lang='lat' dir='ltr'>deum</span> <span class='ocrx_word' id='word_1_92' title='bbox 710 1884 901 1937; x_wconf 81' lang='lat' dir='ltr'>diligens.</span> 
     </span>
    </p>

    <p class='ocr_par' dir='ltr' id='par_1_11' title="bbox 404 1950 1098 2071">
     <span class='ocr_line' id='line_1_29' title="bbox 404 1950 1098 2004; baseline -0.012 -9"><span class='ocrx_word' id='word_1_93' title='bbox 404 1953 560 1994; x_wconf 85' lang='lat' dir='ltr'>Factus</span> <span class='ocrx_word' id='word_1_94' title='bbox 591 1952 788 2004; x_wconf 87' lang='lat' dir='ltr'>princeps</span> <span class='ocrx_word' id='word_1_95' title='bbox 820 1953 885 1991; x_wconf 85' lang='lat' dir='ltr'>est</span> <span class='ocrx_word' id='word_1_96' title='bbox 915 1950 957 1989; x_wconf 91' lang='lat' dir='ltr'>in</span> <span class='ocrx_word' id='word_1_97' title='bbox 986 1951 1098 1989; x_wconf 86' lang='lat' dir='ltr'>terra</span> 
     </span>
     <span class='ocr_line' id='line_1_30' title="bbox 407 2017 896 2071; baseline -0.01 -11"><span class='ocrx_word' id='word_1_98' title='bbox 407 2018 590 2071; x_wconf 82' lang='lat' dir='ltr'>Aegypti</span> <span class='ocrx_word' id='word_1_99' title='bbox 619 2017 896 2070; x_wconf 79' lang='lat' dir='ltr'>gratissimus.</span> 
     </span>
    </p>
   </div>
   <div class='ocr_carea' id='block_1_9' title="bbox 407 2105 976 2214">
    <p class='ocr_par' dir='ltr' id='par_1_12' title="bbox 407 2105 976 2214">
     <span class='ocr_line' id='line_1_31' title="bbox 460 2105 976 2155; baseline -0.008 -9"><span class='ocrx_word' id='word_1_100' title='bbox 460 2106 507 2146; x_wconf 92' lang='lat' dir='ltr'>In</span> <span class='ocrx_word' id='word_1_101' title='bbox 539 2105 610 2146; x_wconf 82' lang='lat' dir='ltr'>illo</span> <span class='ocrx_word' id='word_1_102' title='bbox 641 2105 760 2145; x_wconf 88' lang='lat' dir='ltr'>timet</span> <span class='ocrx_word' id='word_1_103' title='bbox 790 2113 976 2155; x_wconf 85' lang='lat' dir='ltr'>peccare,</span> 
     </span>
     <span class='ocr_line' id='line_1_32' title="bbox 407 2169 869 2214; baseline -0.009 -1"><span class='ocrx_word' id='word_1_104' title='bbox 407 2172 535 2214; x_wconf 84' lang='lat' dir='ltr'>Cuius</span> <span class='ocrx_word' id='word_1_105' title='bbox 567 2174 659 2212; x_wconf 81' lang='lat' dir='ltr'>erat</span> <span class='ocrx_word' id='word_1_106' title='bbox 689 2169 869 2210; x_wconf 83' lang='lat' dir='ltr'>famulus</span> 
     </span>
    </p>
   </div>
   <div class='ocr_carea' id='block_1_10' title="bbox 1355 169 1404 210">
    <p class='ocr_par' dir='ltr' id='par_1_13' title="bbox 1355 169 1404 210">
     <span class='ocr_line' id='line_1_33' title="bbox 1355 169 1404 210; baseline -0.041 0"><span class='ocrx_word' id='word_1_107' title='bbox 1355 169 1404 210; x_wconf 78' lang='lat'>89</span> 
     </span>
    </p>
   </div>
   <div class='ocr_carea' id='block_1_11' title="bbox 1349 528 1410 562">
    <p class='ocr_par' dir='ltr' id='par_1_14' title="bbox 1349 528 1410 562">
     <span class='ocr_line' id='line_1_34' title="bbox 1349 528 1410 562; baseline -0.016 0"><span class='ocrx_word' id='word_1_108' title='bbox 1349 528 1410 562; x_wconf 79' lang='lat'>130</span> 
     </span>
    </p>
   </div>
   <div class='ocr_carea' id='block_1_12' title="bbox 1350 857 1413 891">
    <p class='ocr_par' dir='ltr' id='par_1_15' title="bbox 1350 857 1413 891">
     <span class='ocr_line' id='line_1_35' title="bbox 1350 857 1413 891; baseline 0 -1"><span class='ocrx_word' id='word_1_109' title='bbox 1350 857 1413 891; x_wconf 81' lang='lat'>135</span> 
     </span>
    </p>
   </div>
   <div class='ocr_carea' id='block_1_13' title="bbox 1355 1207 1416 1241">
    <p class='ocr_par' dir='ltr' id='par_1_16' title="bbox 1355 1207 1416 1241">
     <span class='ocr_line' id='line_1_36' title="bbox 1355 1207 1416 1241; baseline -0.049 0"><span class='ocrx_word' id='word_1_110' title='bbox 1355 1207 1416 1241; x_wconf 76' lang='lat'>140</span> 
     </span>
    </p>
   </div>
   <div class='ocr_carea' id='block_1_14' title="bbox 1358 1560 1419 1594">
    <p class='ocr_par' dir='ltr' id='par_1_17' title="bbox 1358 1560 1419 1594">
     <span class='ocr_line' id='line_1_37' title="bbox 1358 1560 1419 1594; baseline -0.033 0"><span class='ocrx_word' id='word_1_111' title='bbox 1358 1560 1419 1594; x_wconf 76' lang='lat'>145</span> 
     </span>
    </p>
   </div>
   <div class='ocr_carea' id='block_1_15' title="bbox 1357 1888 1417 1922">
    <p class='ocr_par' dir='ltr' id='par_1_18' title="bbox 1357 1888 1417 1922">
     <span class='ocr_line' id='line_1_38' title="bbox 1357 1888 1417 1922; baseline 0 0"><span class='ocrx_word' id='word_1_112' title='bbox 1357 1888 1417 1922; x_wconf 84' lang='lat'>150</span> 
     </span>
    </p>
   </div>
   <div class='ocr_carea' id='block_1_16' title="bbox 1288 2305 1418 2339">
    <p class='ocr_par' dir='ltr' id='par_1_19' title="bbox 1288 2305 1418 2339">
     <span class='ocr_line' id='line_1_39' title="bbox 1288 2305 1418 2339; baseline 0 0"><span class='ocrx_word' id='word_1_113' title='bbox 1288 2307 1348 2339; x_wconf 80' lang='lat'>153</span> <span class='ocrx_word' id='word_1_114' title='bbox 1372 2305 1418 2339; x_wconf 67' lang='lat' dir='ltr'>ti-</span> 
     </span>
    </p>
   </div>
  </div>
 </body>
</html>
