1643 2574
208 165 282 205 196
597 171 814 205 ΟΑΒΜΙΝΑ
837 171 975 205 MEDII
1000 171 1124 205 AEVI.

258 282 335 323 Ast
366 281 435 322 ubi
465 292 547 321 non
577 280 715 332 potuit
743 279 942 332 perfectio
971 279 1226 320 dissimulari

205 358 245 391 10
314 345 449 398 Seque
482 346 567 387 suis
596 346 734 386 uirtus
764 345 952 397 prodidit
981 344 1157 394 indiciis,

258 412 445 454 Inuidiae
476 412 658 453 stimulis
688 412 800 463 angi,
830 410 993 452 stillare
1023 420 1184 451 ueneno

313 478 362 519 In
391 477 567 530 populos
598 477 730 529 coepit
762 477 906 528 lingua
936 476 1118 527 maligna
1148 487 1233 517 suo.

258 543 479 593 Confiteor,
511 543 723 595 placuisse
753 543 895 594 pudet,
929 541 1124 594 quoniam
1154 541 1359 593 placuisse

313 609 539 661 Turpibus‚
571 612 643 650 aut
673 612 845 660 propter
876 607 1027 660 turpia,
1059 612 1181 659 turpe
1210 607 1327 648 bouo.

205 687 243 720 15
258 675 491 716 Debueram
523 674 634 715 clare
663 674 823 726 rupisse
852 673 1032 722 silentia,
1063 685 1144 713 non
1175 684 1240 713 me

313 739 530 781 Defunctis
562 740 691 780 tacito
723 739 997 791 consepelisse
1026 742 1152 779 metu.

259 806 397 848 Seruit
426 806 534 846 enim
565 805 714 846 sceleri
745 805 880 845 uirtus
911 804 1120 844 taciturna
1152 814 1327 855 reosque

312 871 515 919 Absoluit,
549 871 583 911 si
616 882 694 911 non
726 870 882 911 iudicat
911 881 1001 911 esse
1033 880 1139 910 reos

260 937 361 978 Pars
393 937 486 978 uitii
518 940 594 987 est⁷
625 937 776 977 uitium
808 936 956 988 quouis
984 935 1158 987 palpare
1188 934 1343 976 fauore.

201 1014 242 1047 ⁴20
311 1002 417 1044 Nam
448 1002 658 1055 palpando
690 1002 805 1043 foues
836 1006 963 1053 atque
993 1001 1171 1042 fouendo
1202 1001 1315 1043 facis.

259 1068 451 1109 Praestat
483 1080 603 1120 opem
634 1069 807 1109 tacitam
839 1068 1031 1119 uiresque
1063 1067 1274 1108 ministrat
1304 1065 1466 1119 agendi,

312 1134 392 1183 Qui
423 1139 535 1175 tacet
567 1138 608 1175 ct
639 1137 805 1185 poterat
837 1133 986 1174 obuius
1017 1133 1098 1174 isse
1129 1131 1248 1173 malo.

257 1200 363 1241 Nam
397 1201 532 1241 uirtus
563 1200 655 1240 uitii
686 1212 761 1240 nec
792 1203 903 1240 amat.
934 1210 1007 1239 nec
1037 1199 1217 1239 sustinet
1246 1197 1436 1239 umbram

313 1266 397 1307 Nec.
428 1265 508 1306 luci
540 1266 731 1306 tenebras
763 1264 973 1306 contrahit
1004 1264 1095 1316 ipsa
1127 1276 1239 1306 suae.

763 1484 952 1525 CXVIII.

350 1572 686 1626 ΕΡΙΤΑΡΙΙΙΠΙ
724 1572 884 1626 REGIS
924 1572 1142 1625 ulmum
1183 1571 1359 1625 PRffll.

256 1705 436 1755 Henrici,
469 1705 586 1745 cuius
617 1704 802 1745 celebrat
833 1716 913 1745 uox
943 1704 1109 1756 publica
1138 1716 1303 1754 nomen,

310 1771 397 1812 Hoc
427 1783 500 1823 pro
532 1774 652 1822 parte
683 1770 819 1812 iacent
850 1770 1037 1811 membra
1069 1770 1234 1822 sepulta
1263 1769 1367 1811 loco.

255 1836 387 1886 Quem
418 1848 552 1888 neque
582 1836 794 1878 uiuentem
825 1836 1017 1887 capiebat
1048 1840 1161 1877 terra
1191 1848 1266 1877 nec
1296 1846 1404 1876 unus

310 1902 563 1943 Defunctum
594 1902 733 1954 potuit
764 1903 1019 1954 consepelire
1050 1902 1176 1943 locus.

288 2022 329 2055 V.
359 2022 395 2055 11
422 2021 560 2054 inuidie
610 2021 648 2054 12
672 2020 778 2065 cepit.
829 2021 866 2054 lS
891 2020 1044 2064 iudicat]
1070 2023 1189 2053 utrum
1216 2020 1280 2053 hoc
1304 2030 1351 2052 an
1375 2019 1513 2053 indicat

198 2076 369 2119 scriptam
403 2076 468 2117 sit,
507 2086 578 2109 non
612 2076 738 2118 liquet,
769 2075 831 2108 secl
865 2078 1030 2118 praestat
1060 2075 1197 2109 indicat
1230 2075 1362 2117 quippe
1392 2074 1512 2108 sensui

198 2131 330 2173 aptius.
380 2132 420 2163 l‘.)
446 2130 528 2163 uicii
580 2130 723 2163 uicium.
772 2131 809 2163 21
839 2132 988 2174 prestat.
1036 2130 1076 2163 223
1102 2129 1195 2164 uicii.
1243 2130 1283 2162 24
1309 2140 1380 2163 sue.

286 2184 445 2218 CXVIII.
482 2184 566 2217 (lod.
593 2184 703 2218 Rern.
728 2188 792 2217 5155*
827 2195 852 2218 S.
893 2185 979 2218 XII
999 2186 1024 2227 f.
1066 2187 1153 2218 l-S'Tb.
1199 2184 1365 2228 sslaryini
1404 2194 1511 2217 »mnu

198 2239 381 2273 Bre'ssomd
398 2241 616 2282 possessoris
640 2249 665 2272 s.
693 2239 803 2280 XVI,
830 2239 914 2272 haec
938 2240 1095 2282 ascripta
1121 2242 1222 2273 sunt:
1247 2238 1287 2271 In
1314 2238 1376 2271 lib.
1403 2238 1435 2270 M
1455 2239 1510 2281 (Ξ

198 2294 460 2337 manuscripto)
485 2294 598 2338 Super
622 2294 852 2338 sepulchrum
871 2295 977 2338 Regis
1003 2294 1149 2328 chrici
1174 2294 1211 2327 in
1235 2304 1305 2337 quo
1324 2293 1508 2327 cerebrum

198 2350 235 2382 et
259 2360 318 2382 cor
342 2349 418 2383 eius
442 2348 585 2393 sepulta
611 2350 705 2382 sunt.
