1643 2574
181 140 261 179 230

183 256 277 290 Η1100
314 254 415 288 tenet
454 253 624 286 aeternae
658 249 815 284 uirtutes

228 309 341 343 LXXI
365 308 491 342 adnot.

184 366 258 399 Has
282 363 426 407 apicum
450 360 590 405 typicas
614 357 769 393 CXXIX.

183 419 341 454 Hauriat
372 416 502 451 Caesar
536 414 679 458 sapiens
712 411 840 456 benig—

230 485 296 508 nus
320 473 362 507 V.

187 529 334 564 Henrici
359 527 459 562 cuius
482 525 642 560 celebrat
666 521 827 557 CXVIII.

186 583 254 617 Hic
278 584 369 617 festa
393 581 492 615 euius
514 579 709 624 pangimus
739 575 842 610 LXV.

188 639 252 672 His
290 638 334 671 de
371 635 580 670 nominibus
617 643 681 677 per
723 640 818 675 quae

236 692 365 727 LXXII
389 691 511 724 adnot.

192 748 266 782 Hoc
290 746 377 790 agni
401 746 539 779 cratere
564 742 625 776 VI.

190 803 314 837 Hostis
338 800 497 834 Herodes
521 797 631 842 impie
656 795 787 830 XXIII.

192 881 278 919 lesu,
302 887 432 911 corona
456 874 640 919 virginum
665 871 788 906 XLIV.

194 934 272 967 Iesu
296 932 392 966 salus
420 928 640 963 certantium
666 925 789 960 LXIV.

196 989 276 1022 Iesu
301 986 506 1029 redemptor
530 983 691 1017 omnium
715 979 805 1014 XLI.

196 1043 235 1077 In
262 1041 370 1076 caelis
394 1050 450 1073 me
475 1040 589 1072 nauta
614 1037 719 1070 notat

241 1095 413 1135 CXXXV,
437 1095 467 1127 6.

197 1151 339 1195 Inclyta*
363 1150 390 1183 si
416 1148 540 1192 cupias
562 1145 719 1180 LXXIII.

198 1207 301 1241 Intus
315 1205 395 1249 quis
403 1205 419 1238 ζ)
433 1204 486 1237 Tu
501 1201 604 1246 quis?
618 1198 808 1240 CXXXVI,
825 1199 852 1231 1.

198 1262 271 1296 Iste
295 1260 474 1294 confessor
497 1256 635 1291 domini
660 1253 787 1288 XXXI.

202 1338 305 1381 Legis
325 1336 459 1370 latores
474 1333 663 1369 hominum
682 1328 858 1365 CXXVII.

203 1393 318 1437 Ligna
357 1388 558 1433 uoluptatis
601 1384 838 1431 plantauerat

250 1447 339 1481 IIIC.

206 1502 331 1545 Longa
355 1499 450 1534 salus
474 1495 674 1540 tranquilla.
697 1494 797 1539 quies

251 1553 389 1589 CXXV.

210 1611 317 1645 Ludis
327 1609 389 1653 qui
398 1608 509 1652 plano
524 1605 662 1640 tabulis
674 1602 864 1638 LXXXIV.

212 1666 351 1700 Ludum
384 1663 593 1697 scachorum
625 1660 653 1694 si
690 1662 730 1692 tu
766 1658 821 1691 uis

256 1718 449 1754 LXXXIII.

213 1798 345 1840 Magna
376 1795 521 1838 quidem
550 1791 684 1837 pauido
711 1787 868 1823 LXXIV.

215 1854 325 1894 Mart)
337 1864 352 1884 r
371 1851 439 1890 dei,
464 1850 526 1893 qui
544 1848 689 1882 unicum
708 1843 869 1880 XXXIX.

215 1907 272 1941 Me
297 1907 466 1940 miserum
494 1903 580 1947 quid
606 1913 713 1946 agam
738 1900 808 1934 CV.

216 1962 357 1996 Mecum
382 1960 523 1992 Timaui
550 1968 635 1991 saxa
661 1955 750 1989 LIV.

218 2018 318 2051 Mens
343 2026 424 2048 mea
447 2014 625 2047 uirtutum
651 2010 792 2045 CXVII.

219 2071 381 2106 Moribus
405 2074 556 2103 ornatur
580 2067 714 2101 sanctis
733 2063 875 2098 LXVII.

222 2149 291 2181 Nec
314 2156 412 2179 mare
438 2142 577 2177 flumini
611 2152 674 2175 nec
703 2139 832 2174 lumini

266 2200 354 2235 CIX.

224 2257 299 2290 Nec
324 2257 359 2289 te
383 2253 479 2288 uelle
511 2255 598 2296 puto
631 2261 694 2284 nec
723 2251 759 2283 te
784 2248 879 2282 Gau-

269 2311 362 2344 i'ride
387 2308 460 2342 HC.

631 138 889 176 CARMINVM
912 137 1077 172 INITIA.

870 247 947 281 Nec
976 249 1013 281 te
1044 245 1138 280 110110
1170 244 1258 288 puto
1287 253 1354 277 1100
1382 243 1419 276 te
1449 240 1525 275 Gil-

915 302 1028 336 Ierme
1053 300 1113 334 IIC
1138 299 1263 334 adnot.

873 357 988 391 Nocte
1022 355 1212 400 surgentes
1245 351 1439 396 uigilemus

918 411 1078 446 XLVIII.

875 467 957 502 Non
982 467 1061 502 sata
1085 463 1240 500 conubio
1266 460 1436 501 CXXXV,
1461 460 1491 494 8.

876 522 1004 556 Nonae
1039 519 1175 565 Aprilis
1209 518 1345 552 norunt
1379 515 1508 559 quinos

920 576 1035 610 VIIIC

879 655 909 690 0
936 652 1099 688 mortalis
1122 652 1229 686 homo
1252 649 1378 684 mortis
1402 646 1510 681 LVII.

880 710 908 744 O
933 720 995 743 uos
1018 709 1073 743 est
1096 708 1196 742 aetas
1219 702 1413 739 LXXVIII.

883 764 1085 800 Occurrunt·
1108 761 1246 796 blando
1271 759 1338 794 sibi
1364 756 1487 792 CXVI.

881 819 1120 863 Omnipotens
1161 815 1305 850 domine
1343 814 1379 848 et
1415 811 1516 856 pacis

928 874 1065 909 LXXV.

885 931 1055 965 Omnium
1070 928 1150 971 regi
1166 927 1365 960 referamus
1381 931 1502 957 omnes
1512 920 1538 954 1.

887 985 991 1020 Orbis
1023 987 1203 1018 terrarum
1238 980 1429 1022 metasque

930 1037 1157 1074 LXXXVIII.

889 1096 958 1131 Oro
983 1095 1096 1128 Deum
1122 1102 1248 1126 uerum
1273 1085 1464 1122 CXXXVI.
1489 1085 1518 1119 6.

891 1184 1030 1227 Pagina
1065 1189 1221 1224 namque
1256 1186 1378 1221 preces
1418 1172 1543 1209 LXXV

934 1238 1057 1273 adnot.

892 1295 1014 1338 Pange
1036 1292 1166 1335 lingua
1189 1286 1337 1332 gloriosi
1362 1285 1415 1319 LI.

893 1349 969 1383 Pax
994 1358 1050 1381 me
1075 1347 1175 1378 certa
1198 1342 1298 1377 ducis
1323 1337 1494 1375 CXXXV.
1518 1338 1548 1370 5.

894 1404 1045 1438 Porrum
1054 1398 1198 1446 portani
1206 1396 1382 1431 monacho
1391 1391 1550 1428 CXXIII.

897 1459 980 1493 Post
1006 1455 1156 1490 dubiam
1181 1454 1264 1497 post
1287 1447 1522 1493 nugatoriam

941 1511 1065 1547 CVIII.

898 1568 1039 1602 Primus
1064 1576 1153 1599 auus:
1176 1562 1301 1596 uiuens
1326 1558 1428 1593 LXX.

900 1623 1040 1657 Primus
1065 1630 1142 1653 eras
1161 1617 1265 1651 nobis
1283 1614 1345 1659 qui
1362 1610 1555 1647 LXXXIX.

902 1675 1124 1720 Principium
1148 1673 1328 1714 finemque
1352 1668 1404 1702 rei

946 1728 1138 1770 CXXXVI,
1161 1727 1191 1760 2.

904 1786 1059 1821 Pulchra
1075 1784 1203 1818 domus
1218 1780 1323 1815 terris
1340 1776 1512 1816 CXXXV,
1526 1777 1557 1809 4.

905 1866 1046 1906 Quaero
1070 1861 1184 1895 Deum
1211 1859 1340 1892 testem
1367 1853 1472 1889 CVII.

907 1919 1088 1961 Quattuor
1113 1926 1155 1949 ex
1180 1912 1298 1947 uentis
1329 1907 1471 1943 subnixi

953 1970 1112 2006 LXVIII.

909 2028 978 2069 Qui
1003 2025 1102 2070 cupis
1126 2033 1201 2057 esse
1225 2021 1338 2055 bonus
1362 2016 1450 2051 LVI.

911 2082 979 2125 Qui
1003 2077 1171 2114 monachi
1195 2077 1330 2110 rectam
1354 2070 1498 2106 mauult

955 2133 1110 2169 CXXXI.

913 2191 981 2232 Qui
1006 2187 1143 2233 signati
1167 2185 1250 2220 estis
1275 2183 1415 2218 Christo
1439 2178 1564 2213 LVIII.

914 2245 981 2287 Qui
1006 2243 1087 2278 uult
1110 2241 1197 2275 scire
1221 2239 1337 2272 minas
1361 2238 1397 2270 C.

916 2297 1093 2342 Quicquid
1117 2297 1230 2330 hiems
1254 2297 1442 2336 tamquam
1460 2288 1568 2324 CXII.
