1643 2574
418 189 599 225 VERSVS
623 189 684 224 DE
708 187 886 222 NATALI
908 186 1092 222 DOMINI.

426 299 517 341 Non
549 311 598 340 ex
627 297 741 338 uirili
770 297 941 343 semine,

373 366 454 409 Sed
484 364 659 418 mystico
689 363 916 415 spiramine

374 431 559 473 Verbum
588 429 654 470 dei
684 429 839 470 factum
869 433 933 468 est
964 438 1057 468 caro

374 498 638 548 Fruetusque
669 494 830 536 uentris
859 492 1014 534 floruit.

429 602 565 643 Aluus
594 599 772 640 tumenit
802 597 994 649 uirginis,

377 667 571 710 Claustra
600 664 770 718 pudoris
801 666 1059 716 permanent,

376 732 538 775 Vexilla
566 732 772 773 uirtutum
801 731 968 778 micant⁷

377 799 581 841 Versatur
609 798 651 838 in
681 795 835 849 templo
865 795 980 836 (leus.

433 901 664 944 Procedens
695 913 716 942 e
744 899 929 941 thalamo
962 909 1049 949 suo,

379 968 554 1009 Pudoris
584 966 680 1008 aula
712 966 839 1017 regia,

380 1034 580 1076 Geminae
610 1033 758 1084 gigans
787 1030 1046 1073 substantiae

379 1101 541 1142 Alacris
570 1104 618 1140 ut
647 1103 789 1140 currat
819 1098 944 1138 uiam.

436 1204 644 1256 Egressus
674 1202 763 1243 eius
792 1214 817 1242 a
846 1204 979 1253 patre,

381 1271 613 1322 Regressus
644 1268 732 1308 eius
762 1267 815 1308 ad
843 1270 1018 1318 patrem,

382 1336 594 1377 Excursus
625 1346 754 1386 usque
784 1332 837 1373 ad
868 1331 1036 1382 inferos,

383 1402 595 1444 Recursus
626 1400 677 1440 ad
708 1399 847 1440 sedem
878 1398 957 1439 dei.

437 1505 638 1559 Aequalis
669 1508 839 1546 aeterno
871 1503 983 1555 patri

386 1572 533 1614 Carnis
562 1571 764 1623 trophaeo
795 1570 1027 1621 accingere,

381 1637 550 1680 Infirma
580 1636 713 1678 nostri
745 1636 929 1688 eorporis

385 1705 551 1747 Virtute
579 1703 750 1744 firmans
781 1701 1002 1755 perpetim.

440 1807 646 1859 Praesepe
674 1807 757 1847 iam
788 1805 922 1857 fulget
951 1808 1083 1854 tuum,

387 1874 631 1925 Lumenque
662 1884 741 1913 nox
772 1872 906 1924 spirat
935 1881 1102 1920 nouum,

389 1939 510 1989 Quod
539 1938 653 1979 nulla.
682 1950 762 1979 nox
791 1936 1018 1988 interpolet

390 2004 576 2056 Fideque
604 2004 691 2056 iugi
721 1993 889 2043 luceat!

1353 177 1404 216 43

1370 671 1410 704 10

1375 1037 1414 1071 15

1377 1403 1419 1437 20

210 2164 247 2198 V.
273 2164 292 2198 6
316 2163 419 2198 misti
462 2162 712 2207 cospiramine.
738 2162 778 2194 13
803 2162 839 2194 et
863 2159 1017 2193 hal-amo.
1044 2159 1082 2192 15
1107 2156 1262 2201 gemine.
1285 2156 1327 2190 22
1351 2156 1424 2189 tro-

120 2220 223 2264 pheo.
