1643 2574
190 161 241 200 92
577 165 799 202 CARMINA
821 165 959 200 MEDII
981 165 1108 200 AEVI.

250 277 329 319 Vos
357 288 482 330 super
501 287 699 328 umquam
720 274 871 326 imber,
901 286 971 317 ros
991 286 1066 317 nec
1085 274 1229 328 pluuia

243 342 532 394 Descendant,
562 341 685 383 fiores
715 352 790 383 nec
819 339 943 382 tellus
973 352 1206 394 purpureos

189 419 231 453 40
245 408 462 450 Germinet
490 407 643 449 humus
674 418 748 448 nec
777 405 941 448 fructus
973 406 1174 449 triticeos.

297 507 449 549 Ulmus
469 517 543 548 nec
564 507 693 547 uitem
713 509 921 558 gemmato
942 516 1037 547 cum
1056 504 1252 558 pampino

248 573 468 615 Sustentet
496 583 601 613 uuas
631 583 706 613 nec
735 572 777 612 in
807 571 935 612 ramis
964 570 1142 623 pendeat

243 639 433 680 Frondea
462 637 566 679 ficus
596 637 706 679 sicco
737 648 901 689 semper
929 637 1086 688 stipite,

244 704 373 746 Ferat
402 716 479 745 nec
507 702 637 744 rubus
668 702 777 744 mala
807 703 947 755 granis
978 701 1148 752 Punica,

188 770 416 815 215Promat
445 768 633 810 hirsutus
663 780 741 810 nec
769 767 914 820 globus
941 771 1170 809 castaneas.

299 868 382 910 Ubi
411 868 559 910 cecidit
588 867 654 908 uir
684 867 804 908 fortis
835 866 877 907 in
907 865 1063 918 praelio

246 934 387 987 Clipeo
417 933 570 985 fracto,
603 935 792 974 coartata
820 931 1033 984 romphea,

244 1000 433 1041 Lanceae
463 1009 620 1041 summo
650 1001 822 1040 retunso
852 998 935 1038 iam
966 995 1116 1046 iaculo,

242 1065 420 1118 Sagittis
450 1064 627 1114 fossum,
657 1063 772 1104 fundi
804 1074 905 1104 saxa
935 1062 1061 1104 fortia

190 1142 231 1176 50
243 1131 404 1184 Corpus
434 1130 585 1172 iniecta
616 1129 866 1171 contriuisse
895 1128 1062 1169 dicitur.

298 1230 391 1272 Heu
422 1241 499 1281 me,
530 1240 653 1282 quam
683 1227 833 1269 durum
865 1237 1070 1280 quamque
1099 1225 1222 1267 triste
1251 1224 1444 1266 nuntium

242 1295 321 1337 Illa
350 1295 425 1337 sub
457 1295 523 1336 die
555 1293 745 1336 deflenda
774 1292 1036 1346 percrepuit!

244 1361 353 1403 Nam
384 1361 541 1403 clamor
569 1363 666 1401 ante
696 1358 930 1400 horrendus
961 1369 1035 1410 per
1063 1356 1225 1409 plateas

243 1426 447 1469 Lacrimis
478 1426 634 1478 dignus
665 1425 824 1474 sonuit,
855 1436 980 1476 quam
1010 1422 1152 1464 tristia

188 1505 229 1538 55
242 1492 346 1534 Eius
376 1504 450 1545 per
480 1491 609 1533 uerba
638 1503 746 1532 mors
777 1493 890 1531 esset
919 1488 1167 1541 exemplata.

296 1590 477 1642 Matres,
507 1590 667 1640 mariti,
698 1589 836 1642 pueri,
867 1586 1125 1637 iuuenculae,

243 1656 423 1707 Domini,
456 1656 588 1706 serui,
620 1666 743 1696 sexus
773 1654 929 1704 omnis,
959 1657 1107 1694 tenera

242 1723 390 1773 Aetas,
421 1721 622 1774 perualde
652 1719 915 1761 sacerdotum
945 1717 1089 1759 inclita

242 1788 425 1829 Caterua
454 1787 605 1840 pugnis
636 1786 824 1827 sauciata
853 1788 1024 1837 pectora

185 1864 226 1898 60
238 1853 432 1895 Crinibus
465 1852 596 1894 uulsis
627 1851 846 1893 ululabant
875 1850 1048 1903 pariter.

292 1940 405 1982 Deus
436 1944 622 1990 aeterne,
653 1939 741 1980 limi
772 1938 841 1991 qui
873 1938 922 1979 de
953 1937 1125 1990 puluere

241 2006 467 2047 Plasmasti
497 2009 613 2047 tuam
643 2006 797 2058 primos
828 2004 882 2046 ad
911 2003 1138 2055 imaginem

238 2071 439 2113 Parentes
470 2076 655 2122 nostros,
686 2082 758 2124 per
789 2081 892 2123 quos
924 2080 1066 2110 omnes
1099 2066 1312 2117 morimur,

274 2179 314 2213 V.
339 2179 380 2213 39
405 2191 615 2223 purpureus.
655 2180 697 2212 40
721 2179 854 2213 frustus
878 2178 1022 2212 triceus.
1056 2177 1098 2210 42
1122 2175 1291 2220 pondeat.
1326 2175 1369 2209 43
1384 2183 1495 2218 seper.

184 2235 226 2267 45
250 2234 393 2268 irsutus.
417 2234 459 2266 47
483 2233 660 2278 rumphea
694 2235 736 2267 48
760 2234 903 2268 retonso
926 2243 1023 2270 nam,
1048 2232 1088 2265 51
1114 2230 1298 2273 nuntium]
1324 2229 1494 2264 noscitur.

185 2289 227 2322 52
257 2288 322 2323 illa
354 2288 415 2323 sed
447 2287 535 2323 dies.
574 2289 616 2322 53
641 2288 824 2323 orrendus.
863 2289 905 2321 55
929 2287 1004 2321 eius
1027 2297 1069 2320 ex
1094 2285 1214 2320 uestra
1260 2283 1493 2328 extemplata.

185 2344 226 2377 56
250 2342 450 2378 iuuencule.
491 2343 531 2377 58
556 2344 593 2377 et
617 2353 720 2387 asper
744 2341 926 2386 perualde.
