1643 2574
529 176 592 210 AD
618 175 842 210 LASCIVOS
867 173 1081 208 SODALES.
1373 165 1447 203 195

191 288 366 329 Alterno
395 285 522 327 facies
552 284 633 327 sibi
663 285 765 326 dant
795 296 996 337 responsa
1025 284 1174 325 rubore

246 352 302 394 Et
331 356 450 393 tener
481 350 677 392 affectum
707 350 845 403 prodit
875 350 1088 402 utrimque
1117 348 1263 402 pudor.

191 418 341 460 Mutua
371 418 608 459 discurrens
638 416 752 457 ultro
782 417 967 468 citroque
999 415 1196 457 uoluntas
1431 425 1449 457 5

246 483 469 525 Lasciuum
500 485 660 523 mentes
690 481 833 523 foedus
863 482 970 522 inire
999 481 1112 524 facit.

193 549 379 591 Alterius
410 548 539 589 radiis
571 547 785 589 oculorum
815 546 981 588 flamma
1011 545 1195 598 refulget

246 614 559 667 Perplexusque
589 612 730 654 oculos
759 612 949 653 foederat
979 611 1169 652 intuitus.

192 681 315 734 Ipsae
346 679 509 720 animae
538 679 729 731 proprias
759 679 875 731 quasi
907 681 1169 730 permutasse
1200 675 1396 718 uidentur

248 746 378 788 Sedes
407 745 533 796 inque
562 745 682 785 nouis
711 743 864 795 degere
896 743 1154 795 corporibus.
1411 751 1451 785 10

192 811 446 864 Complexus
476 810 628 851 tacitos
658 810 893 851 animorum
924 809 1062 861 gratia
1090 808 1222 849 nectit

249 876 552 929 Corporeisque
583 879 704 928 parat
734 875 910 916 nexibus
942 875 1186 927 auspicium.

193 943 398 985 Procedet
428 941 525 983 felix
557 941 766 993 duplicato
798 940 944 993 copula
975 952 1083 981 nexu

250 1008 589 1059 Concurrentque
620 1008 707 1048 suis
738 1019 910 1059 corpora
940 1006 1165 1058 spiritibus.

195 1074 323 1116 Utilis
353 1076 519 1127 optatos
550 1073 667 1115 dabit
696 1073 928 1125 expectatio
959 1072 1120 1113 fructus
1413 1081 1452 1114 15

252 1140 308 1182 Et
336 1140 471 1180 laetos
502 1139 669 1191 parient
700 1139 821 1180 anxia
851 1141 952 1179 uota
983 1137 1084 1178 dies.

725 1400 890 1442 CXVII.

396 1512 526 1565 ITEM
562 1511 629 1564 M]
665 1509 921 1564 LASCIWS
961 1508 1207 1563 sommis.

199 1653 318 1695 Mens
348 1666 440 1695 mea
470 1653 679 1694 uirtutum
710 1652 860 1694 studiis
892 1665 914 1692 a
944 1655 1132 1704 tempore
1165 1651 1299 1703 primo

257 1720 428 1771 Institit,
460 1718 637 1761 infames
668 1718 790 1760 docta
821 1730 968 1759 cauere
1000 1717 1102 1758 uias.

203 1785 285 1827 Sed
315 1797 396 1837 quo
426 1786 516 1826 uita
546 1785 648 1825 mihi
678 1785 863 1826 securior
893 1787 1002 1825 esset
1031 1782 1142 1834 apud
1171 1793 1259 1827 uos,

259 1850 418 1892 Cautus
448 1851 683 1893 honestatis
713 1850 1002 1891 dissimulator
1032 1860 1157 1890 eram.

204 1917 411 1970 Optabam
441 1917 564 1967 credi,
596 1917 743 1958 similis
773 1928 854 1957 non
885 1927 992 1957 esse:
1023 1914 1209 1956 fauorem
1440 1923 1458 1955 5

258 1982 352 2024 Non
383 1982 484 2023 mihi
512 1994 614 2023 uera
644 1982 782 2032 dabat,
816 1981 887 2023 sed
917 1980 1114 2022 simulata
1144 1979 1301 2020 Venus.

206 2048 392 2090 Seruiuit
421 2047 538 2089 nobis
568 2051 675 2088 nutu
705 2047 895 2088 sollertia
923 2046 1010 2088 solo

258 2114 555 2166 Perstringens
587 2113 792 2166 equidem,
824 2113 898 2154 sed
927 2112 1098 2154 meliore
1128 2111 1233 2153 dolo.

239 2244 282 2277 V.
305 2245 325 2277 4
350 2244 530 2287 utrinque.
578 2244 598 2277 6
622 2243 734 2277 fedus.
780 2242 800 2276 S
824 2242 977 2277 federat.
1022 2242 1041 2276 9
1067 2242 1141 2287 ipse
1167 2241 1296 2275 anime.

241 2298 381 2333 CXVII.
409 2298 492 2332 Cod.
518 2298 628 2332 Berv.
653 2301 718 2330 586
741 2308 765 2331 s.
794 2297 884 2331 XII
902 2297 927 2339 f.
953 2299 1041 2330 187³.

242 2354 284 2387 V.
311 2354 326 2387 1
352 2364 433 2388 mea
471 2364 515 2387 m.
540 2354 595 2395 H,
618 2353 691 2395 fuir
714 2363 780 2387 me.
