1643 2574
377 175 537 210 PASSIO
564 174 785 209 MAVRICH
810 174 870 208 ET
895 173 1143 208 SOCIORVM.
1341 166 1415 205 155

157 285 277 336 Quod
297 285 502 327 modicum
523 286 661 337 durat,
679 286 770 338 quis
791 297 871 326 non
893 285 996 326 bene
1017 285 1192 337 perdere
1214 284 1362 325 curat‘?

157 351 263 393 Nam
292 351 396 393 bene
426 354 655 401 mactatur,
687 351 759 402 qui
790 351 946 392 caelica
977 362 1108 402 regna
1138 350 1339 391 lucratur.

159 418 266 459 Hinc
296 417 428 458 honor
449 420 514 458 est
534 420 700 469 partus,
734 416 804 468 qui
826 415 992 458 Christo
1023 417 1203 457 deuouet
1233 420 1362 457 artus.

160 484 201 526 Si
232 495 326 525 caro
355 483 537 533 uilescit,
568 481 695 523 flat-us
727 494 850 535 super
881 486 996 524 astra
1026 483 1207 523 nitescit.

158 549 300 591 Nescit
330 550 438 591 enim
470 548 607 600 funus,
640 549 712 590 sed
742 548 871 589 habet
902 549 991 589 sine
1022 548 1156 589 limite
1186 560 1350 598 munus,
1377 559 1418 591 75

159 615 279 665 Quod
309 615 455 667 nequit
485 626 531 655 os
561 615 659 665 fari,
690 614 761 655 lux
792 626 985 665 cernere,
1018 626 1133 654 mens
1154 614 1363 655 meditari.

159 682 273 734 Ergo
304 682 396 734 piae
426 681 576 721 turbae
606 692 699 733 spes
730 680 893 721 siderea
923 679 967 720 fit
1000 682 1042 720 in
1072 679 1174 720 urbe

162 747 403 799 Victorique
434 746 568 787 Deum
599 747 750 787 scitote
780 757 929 797 parere
957 745 1218 798 trophaeum.

160 813 249 854 Iam
270 813 398 853 timor
430 812 642 862 abscedat,
674 823 726 852 ne
757 811 889 863 gloria
920 814 1040 851 tanta
1069 811 1256 852 recedat!

161 878 248 919 Iam
278 879 397 919 lictor
429 878 589 918 ueniat:
621 877 702 919 iam
733 877 816 917 iam
848 876 1069 918 decimatio
1100 875 1194 917 fiat!
1379 887 1420 920 so

162 944 264 986 Tela
293 943 390 985 licet
420 943 624 995 gerimus,
657 954 780 994 rogo,
811 954 861 983 ne
890 942 1063 983 referire
1093 941 1292 983 uelimus:

163 1010 226 1051 Sit
253 1021 400 1050 manus
431 1008 626 1059 imbellis,
660 1010 715 1050 sit
745 1020 823 1049 uox
855 1009 1072 1060 omnisque
1101 1007 1282 1048 rebellis.

163 1074 348 1128 Corpora
380 1075 632 1125 subsistant,
664 1073 815 1126 gladiis
845 1085 926 1115 non
956 1086 1074 1115 arma
1104 1074 1320 1114 resistant.

165 1141 394 1193 Sanguine,
426 1152 507 1181 non
537 1141 653 1191 telis,
685 1140 809 1181 debet
840 1150 1039 1192 superare
1069 1139 1218 1180 fidelis.

165 1207 355 1248 Vincitur
385 1207 585 1257 inuictus,
616 1207 687 1258 qui
717 1209 802 1247 stat
832 1206 1042 1258 patienter
1072 1205 1125 1246 ad
1155 1205 1297 1246 ictus.»
1380 1214 1421 1248 85

219 1273 484 1314 Constituere
513 1272 604 1325 pati
634 1271 893 1313 sermonibus
925 1271 987 1312 his
1017 1272 1200 1311 animati.

164 1339 249 1380 Nec
279 1351 414 1380 mora:
446 1350 686 1380 mucronem
717 1338 888 1390 stringit
918 1337 1052 1378 Furor
1079 1338 1121 1377 in
1143 1337 1365 1388 legionem,

165 1405 279 1446 Dans
311 1405 491 1446 decimos
523 1416 699 1457 poenae,
730 1405 839 1455 parti
871 1403 1079 1455 parcendo
1110 1414 1311 1443 nouenae.

166 1471 200 1513 O
231 1484 356 1523 quam
386 1470 570 1513 crudelis
599 1471 749 1523 pietas!
780 1482 802 1510 o
833 1470 923 1510 rixa
953 1469 1110 1510 fidelis!

167 1538 289 1579 Miles
319 1542 366 1578 ut
395 1537 571 1587 occidat,
603 1536 759 1589 parcit:
791 1535 1027 1577 miserando
1059 1534 1257 1576 trucidat.
1381 1543 1424 1576 eo

164 1604 221 1645 At
251 1604 344 1656 pius
374 1608 422 1644 ut
451 1604 586 1653 uiuat,
619 1603 733 1644 uitae
763 1614 806 1643 se
838 1614 1011 1643 munere
1042 1602 1197 1653 priuat.

165 1669 243 1711 Hic
273 1670 413 1711 studet
442 1669 496 1710 ad
527 1668 675 1710 flatum
707 1667 938 1709 transferre
967 1667 1046 1708 luti
1078 1667 1328 1707 cruciatum:

165 1736 250 1777 Iste
279 1736 421 1777 labore
451 1735 529 1776 luti
559 1734 684 1777 flatus
714 1734 873 1775 seruire
904 1733 1044 1774 saluti.

167 1802 245 1842 Ille
276 1814 418 1843 necem
449 1801 608 1843 differt:
639 1801 706 1842 hic
736 1813 779 1841 se
808 1800 1075 1841 mucronibus
1104 1798 1244 1840 infert.

170 1867 390 1908 Praeuenit
420 1867 489 1907 hic
517 1867 725 1917 comitem,
756 1870 931 1919 generat
960 1866 1073 1906 necis
1104 1865 1220 1916 optio
1253 1864 1367 1905 litem
1381 1875 1423 1907 95

167 1933 223 1974 Et
253 1933 366 1974 dolet
396 1936 604 1974 exsortem
634 1932 823 1985 quisquis
846 1943 927 1972 non
959 1943 1124 1973 sumere
1152 1936 1342 1972 mortem.

169 1998 249 2048 Qui
271 2003 356 2039 stat
376 2003 473 2050 post
493 2010 667 2048 nonum,
698 2002 821 2050 putat
850 1998 996 2049 ingens
1017 2009 1182 2038 sumere
1202 1996 1369 2038 donum.

169 2064 251 2105 Ter
281 2064 415 2105 tribus
447 2065 647 2116 expositis
677 2075 760 2104 non
791 2068 856 2104 est
886 2064 1032 2105 dilatio
1063 2063 1192 2104 mitis.

169 2130 246 2172 Ille
278 2131 352 2172 sed
383 2131 570 2180 exultat,
601 2142 723 2181 quem
753 2142 845 2171 mox
876 2130 1096 2171 decimatio
1126 2129 1290 2169 multat.

201 2251 243 2284 V.
270 2251 310 2284 72
341 2250 461 2284 celica.
509 2251 549 2283 77
582 2250 639 2294 pie
672 2250 786 2283 turbe.
835 2249 876 2283 78
905 2249 1107 2292 tropheum.
1154 2248 1196 2282 83
1226 2247 1425 2285 ressistant,

109 2306 234 2349 priore
259 2317 274 2339 s
297 2305 456 2338 inducta.
503 2304 545 2338 85
569 2304 754 2348 pacienter
778 2304 928 2337 adictus.
975 2303 1017 2337 88
1040 2315 1141 2348 pente
1187 2312 1339 2336 nouene.
1384 2300 1426 2333 94

113 2360 255 2401 infrert,
279 2372 296 2393 r
320 2359 478 2393 induet«.
524 2359 566 2393 95
592 2358 704 2393 obcio.
752 2359 793 2391 96
818 2359 989 2392 exortem.
1035 2358 1077 2391 98
1101 2358 1229 2391 mittis.
1275 2357 1317 2390 99
1334 2355 1428 2389 deci-

114 2425 239 2449 macio.
