1643 2574
474 161 652 196 VERSVS
676 161 737 195 DE
762 159 953 195 PASCHA.
1322 152 1369 191 51

330 270 514 313 Protecti
543 268 724 323 paschae
755 281 931 322 uespere

276 338 312 379 A
343 338 594 379 deuastante
623 335 786 387 angelo,
1336 346 1374 379 10

277 403 425 456 Erepti
454 402 504 444 de
535 401 757 443 durissimo

277 469 508 510 Pharaonis
537 467 726 520 imperio.

331 557 419 598 Iam
449 555 607 609 pascha
636 560 826 597 nostrum
859 554 1052 597 Christus
1082 558 1154 605 est,

276 623 360 672 Qui
388 622 629 664 immolatus
661 633 795 674 agnus
825 624 902 672 est,

277 688 543 730 Sinceritatis
575 699 719 740 azyma
1334 697 1374 730 15

278 755 386 805 Caro
417 753 508 795 eius
539 753 682 795 oblata
712 756 788 794 est.

333 841 368 883 O
400 854 501 883 uera
531 841 657 894 digna
685 841 834 892 hostia,

280 908 358 949 Per
388 920 511 960 quem
541 907 676 950 fracta
706 911 805 948 sunt
835 906 1027 957 Tartara,

278 974 511 1026 Redempta
541 973 658 1026 plebs
689 973 919 1026 captiuam,

278 1039 460 1082 Reddita
492 1040 606 1081 uitae
635 1039 835 1092 praemia.
1334 1048 1377 1082 20

336 1128 440 1169 Cum
470 1129 607 1181 surgit
637 1128 829 1170 Christus
860 1127 1035 1177 tumulo⁷

283 1193 429 1236 Victor
457 1194 566 1241 redit
595 1194 645 1235 de
675 1193 887 1245 barathro,

283 1260 523 1312 Tyrannum
553 1260 726 1301 tradens
756 1259 923 1301 uinculo

282 1325 337 1366 Et
369 1337 563 1367 reserans
593 1325 848 1378 paradisum.

336 1412 612 1464 Quaesumus,
642 1416 791 1454 auctor
820 1412 1015 1461 omnium7
1335 1421 1376 1455 25

279 1478 326 1519 In
355 1478 433 1520 hoc
462 1477 650 1531 paschali
680 1478 848 1532 gaudio,

281 1543 344 1585 Ab
376 1545 487 1585 omni
516 1545 661 1586 mortis
690 1545 849 1597 impetu

281 1609 416 1651 Tuum
446 1609 644 1652 defendas
674 1610 889 1662 populum.

622 1806 816 1848 XXVIII.

576 1924 597 1948 >k
710 1895 732 1919 >K
844 1923 864 1948 *

394 2004 568 2013 .....
599 1975 746 2024 petens

364 2037 616 2090 Incorrupta
646 2037 830 2079 claritas.

151 2125 194 2158 V.
220 2125 259 2159 15
285 2124 404 2158 azima
427 2124 466 2157 in
489 2134 559 2159 ras.
593 2125 633 2158 18
656 2125 739 2158 sunt
762 2125 801 2157 in
825 2134 895 2158 ras.
943 2124 1119 2157 tarthara.
1151 2124 1193 2157 22
1216 2124 1375 2158 baratro.

65 2179 107 2212 23
129 2179 278 2213 tradens
303 2179 341 2212 in
365 2189 436 2213 ras.
478 2179 521 2213 28
545 2179 736 2224 populum]
761 2178 947 2213 additum:
980 2179 1099 2222 gloria
1123 2179 1193 2213 tibi
1218 2178 1375 2213 domine.

151 2232 316 2267 XXVIII.
343 2232 425 2267 Cod.
450 2233 559 2267 Rern.
584 2236 649 2266 455
672 2243 698 2267 s.
726 2233 766 2266 X
785 2239 812 2276 f.
836 2237 856 2266 5
865 2240 890 2267 ²³.
919 2232 1097 2268 Carminis
1121 2234 1265 2267 initium
1293 2234 1376 2267 olim

65 2287 103 2320 in
121 2287 370 2330 praecedentis
393 2288 476 2330 folii
493 2291 600 2331 parte
618 2298 720 2322 versa
742 2288 916 2331 scriptum
942 2298 1037 2323 nunc
1056 2289 1181 2332 periit,
1207 2288 1377 2331 quoniam

66 2345 140 2375 tota
164 2342 230 2375 illa
250 2342 389 2386 paqina
412 2342 592 2377 eradendo
618 2343 778 2377 eoetincta
802 2346 862 2377 est.
