1643 2574
202 150 255 189 48
600 155 817 190 CARMINA
841 154 977 190 MEDII
1001 153 1124 190 AEVI.

784 361 936 404 XXVI.

468 472 678 527 VERsvs
715 472 782 525 BE
821 470 1257 534 QVADRAGESIMA.

533 603 611 645 Dei
640 602 733 654 fide,
764 614 848 655 qua
877 602 1073 653 uiuimus,

477 668 558 722 Spe
587 669 770 722 perenni,
804 680 886 720 qua
916 667 1134 719 eredimus,

475 735 555 776 Per
584 734 774 776 caritatis
804 735 985 786 gratiam

477 800 644 843 Christo
675 812 873 842 canamus
904 799 1091 852 gloriam.

225 912 243 943 5
533 899 613 950 Qui
644 899 793 941 <luctus
823 899 926 940 hora
955 898 1083 940 tertia

475 966 539 1006 Ad
568 965 774 1018 passionis
805 965 914 1006 ostia

478 1031 600 1073 Cruci
631 1030 767 1072 ferens
798 1029 1037 1082 suspendia,

477 1096 610 1138 Ouem
640 1096 806 1138 reduxit
836 1095 1053 1148 perditam.

532 1195 761 1237 Precentur
792 1206 891 1246 ergo
923 1193 1079 1235 subditi

207 1273 246 1305 10
479 1261 783 1313 Redemptione
813 1259 948 1310 liberi,

479 1326 538 1368 Ut
568 1330 688 1368 eruat
718 1338 742 1366 a
772 1326 948 1374 saeculo,

479 1392 590 1443 Quos
620 1391 746 1433 soluit
775 1404 800 1431 a
830 1390 1121 1443 chirographo.

534 1490 708 1532 Meridie
739 1489 969 1530 rorandum
1000 1492 1078 1540 est,

481 1556 688 1606 Christus,
720 1556 791 1608 qui
822 1553 1109 1607 deprecandus
1139 1555 1214 1604 est,

211 1636 249 1667 15
482 1622 541 1664 Ut
572 1622 715 1663 iubeat
745 1633 816 1661 nos
852 1620 974 1662 edere

482 1688 544 1730 De
576 1700 650 1729 suo
690 1691 834 1729 saneto
866 1697 1049 1738 corpore.

538 1786 597 1828 Ut
627 1785 697 1827 ille
728 1786 782 1826 sit
810 1783 1034 1825 laudabilis

484 1852 532 1893 In
562 1851 769 1893 uniuersis
795 1849 974 1903 populis,

484 1918 565 1967 Qui
595 1921 658 1959 est
689 1916 898 1958 caelorum
929 1914 1121 1956 dominus

212 1995 253 2028 20
484 1983 565 2033 Qui
596 1983 713 2025 sedet
745 1982 787 2023 in
816 1980 1042 2022 altissimis.

301 2124 429 2158 XXVI.
457 2123 541 2157 Cod.
566 2122 675 2156 Rern.
700 2125 765 2154 455
789 2131 814 2155 s.
843 2120 890 2154 X.
912 2125 939 2161 f.
962 2123 1011 2152 31¹.
1038 2118 1118 2152 Hoc
1141 2126 1282 2152 carmen
1306 2115 1391 2158 alia,
1415 2125 1521 2159 quam

215 2183 340 2221 cetera,
364 2188 486 2220 mamb,
510 2177 570 2211 secl
595 2180 626 2210 et
651 2177 730 2219 ipsa
754 2186 842 2210 saec.
862 2175 901 2208 X
922 2175 1097 2217 scriptum
1121 2175 1171 2206 est
1194 2181 1301 2215 super
1321 2170 1402 2213 alio,
1427 2169 1521 2214 quod

217 2237 330 2268 totum
356 2243 495 2267 erasum
522 2235 583 2265 est.

304 2289 345 2322 V.
370 2288 390 2321 2
415 2286 602 2332 perhenni.
644 2287 662 2319 5
696 2285 819 2319 tercia.
860 2285 880 2318 6
903 2284 1033 2318 hostia.
1079 2283 1119 2316 12
1147 2293 1168 2316 a
1199 2279 1451 2325 eircographo‚
1481 2279 1521 2312 in

219 2354 327 2387 marg).
352 2342 398 2376 ad
424 2342 604 2386 quartam.
632 2341 671 2373 15·
696 2341 764 2384 est]
791 2351 835 2374 se.
