1643 2574
225 147 277 187 46
620 153 839 188 CARMINA
862 153 998 187 MEDII
1020 152 1145 187 AEVI.

554 263 723 305 Nouum
752 275 882 315 genus
910 263 1149 316 potentiae:

500 331 619 382 Aqua
647 329 897 371 erubescunt
925 328 1098 381 hydriae

227 408 267 441 15
497 395 736 447 Vinumque
764 396 876 436 iussa
905 394 1078 435 fundere

499 460 684 502 Mutauit
713 461 825 502 unda
854 460 1068 512 originem.

556 527 665 568 Laus
694 527 825 568 honor
855 527 988 568 uirtus
1019 526 1163 578 gioria.

811 753 960 795 XXIV.

246 859 453 915 VERsvs
490 859 541 912 {N
577 858 991 913 PVRIFfflATwNE
1028 856 1260 910 SANGTAE
1295 855 1514 910 MARmE.

395 992 517 1042 Quod
546 991 698 1033 chorus
728 994 872 1032 uatum
903 989 1164 1031 uenerandus
1197 989 1293 1030 olim

396 1059 553 1112 Spiritu
583 1062 725 1099 sancto
755 1057 903 1098 cecinit
933 1057 1130 1109 repletus,

393 1124 442 1165 In
473 1123 538 1164 dei
568 1122 726 1164 factum
755 1122 963 1175 genetrice
992 1124 1156 1163 constat

450 1189 553 1231 Esse
582 1189 729 1230 Maria.

253 1307 272 1337 5
396 1293 510 1336 Haec
541 1293 662 1334 deum
692 1291 795 1334 caeli
825 1292 1120 1343 dominumque
1150 1294 1287 1332 terrae

397 1360 524 1411 Virgo
554 1359 743 1411 concepit
772 1359 1012 1411 peperitque
1041 1357 1158 1409 uirgo

395 1426 534 1477 Atque
564 1429 657 1477 post
687 1430 852 1477 partum
884 1424 1035 1464 meruit
1064 1434 1229 1464 manere

450 1491 671 1532 Inuiolata.

397 1594 529 1644 Quem
560 1606 684 1635 senex
714 1594 846 1635 iustus
878 1593 1054 1646 Symeon
1084 1593 1125 1633 in
1155 1592 1263 1634 ulnis

234 1672 273 1705 10
396 1660 443 1701 In
475 1660 593 1701 domo
624 1660 799 1712 sumpsit
827 1659 993 1710 domini,
1024 1659 1193 1712 gauisus

396 1726 459 1768 Ob
490 1726 599 1778 quod
630 1729 820 1778 optatum
850 1725 1015 1778 proprio
1046 1725 1209 1766 uideret

451 1791 626 1833 Lumine
658 1791 883 1833 Christum.

400 1896 463 1936 Tu
495 1895 638 1946 libens,
669 1895 776 1937 uotis
804 1895 983 1947 petimus
1013 1897 1272 1947 precantum,

401 1961 527 2013 Regis
557 1961 717 2003 aeterni
747 1961 937 2013 genetrix
966 1960 1118 2011 faueto,

237 2038 276 2071 15
401 2026 523 2068 Clara
551 2038 658 2079 quae
688 2026 787 2068 celsi
816 2027 1000 2068 renitens
1030 2025 1195 2078 Olympi

451 2092 597 2144 Regna
626 2093 782 2145 petisti.

323 2224 365 2258 V.
392 2223 432 2256 14
456 2222 604 2257 hidriae.

324 2277 452 2311 XXIV.
479 2277 561 2310 Cod.
587 2277 695 2310 Rern.
720 2280 784 2310 455
807 2287 833 2310 s.
861 2276 900 2310 X
921 2277 946 2318 f.
971 2278 1025 2309 21’.

323 2333 364 2367 V.
391 2332 431 2366 13
455 2334 699 2376 praecantum.
739 2333 777 2366 15
801 2332 962 2377 olimphi.
