<?xml version="1.0" encoding="UTF-8"?>
<!DOCTYPE html PUBLIC "-//W3C//DTD XHTML 1.0 Transitional//EN"
    "http://www.w3.org/TR/xhtml1/DTD/xhtml1-transitional.dtd">
<html xmlns="http://www.w3.org/1999/xhtml" xml:lang="en" lang="en">
 <head>
  <title>
</title>
<meta http-equiv="Content-Type" content="text/html;charset=utf-8" />
  <meta name='ocr-system' content='tesseract 3.04.00' />
  <meta name='ocr-capabilities' content='ocr_page ocr_carea ocr_par ocr_line ocrx_word'/>
</head>
<body>
  <div class='ocr_page' id='page_1' title='image "./carminamediiaevi00domuuoft_0094.png"; bbox 0 0 1643 2574; ppageno 0'>
   <div class='ocr_carea' id='block_1_1' title="bbox 257 177 1168 221">
    <p class='ocr_par' dir='ltr' id='par_1_1' title="bbox 257 177 1168 221">
     <span class='ocr_line' id='line_1_1' title="bbox 257 177 1168 221; baseline 0.005 -5"><span class='ocrx_word' id='word_1_1' title='bbox 257 177 307 217; x_wconf 84' lang='grc'>68</span> <span class='ocrx_word' id='word_1_2' title='bbox 642 185 859 220; x_wconf 84' lang='lat' dir='ltr'>CARMINA</span> <span class='ocrx_word' id='word_1_3' title='bbox 883 185 1022 220; x_wconf 88' lang='lat' dir='ltr'>MEDII</span> <span class='ocrx_word' id='word_1_4' title='bbox 1045 186 1168 221; x_wconf 86' lang='lat' dir='ltr'>AEVl.</span> 
     </span>
    </p>
   </div>
   <div class='ocr_carea' id='block_1_2' title="bbox 257 294 1312 535">
    <p class='ocr_par' dir='ltr' id='par_1_2' title="bbox 257 294 1312 535">
     <span class='ocr_line' id='line_1_2' title="bbox 421 294 1303 349; baseline 0.005 -14"><span class='ocrx_word' id='word_1_5' title='bbox 421 294 648 345; x_wconf 78' lang='lat' dir='ltr'>Questibus</span> <span class='ocrx_word' id='word_1_6' title='bbox 678 295 839 337; x_wconf 83' lang='lat' dir='ltr'>eunctis</span> <span class='ocrx_word' id='word_1_7' title='bbox 868 295 1054 338; x_wconf 84' lang='lat' dir='ltr'>referunt</span> <span class='ocrx_word' id='word_1_8' title='bbox 1087 300 1303 349; x_wconf 79' lang='lat' dir='ltr'>gementes</span> 
     </span>
     <span class='ocr_line' id='line_1_3' title="bbox 421 360 1312 415; baseline 0.003 -13"><span class='ocrx_word' id='word_1_9' title='bbox 421 360 549 403; x_wconf 87' lang='lat' dir='ltr'>Gesta</span> <span class='ocrx_word' id='word_1_10' title='bbox 578 361 797 413; x_wconf 80' lang='lat' dir='ltr'>culparum</span> <span class='ocrx_word' id='word_1_11' title='bbox 827 361 1094 414; x_wconf 82' lang='lat' dir='ltr'>lacrimisque</span> <span class='ocrx_word' id='word_1_12' title='bbox 1122 364 1312 415; x_wconf 79' lang='lat' dir='ltr'>pandunt</span> 
     </span>
     <span class='ocr_line' id='line_1_4' title="bbox 257 427 1187 482; baseline 0.001 -13"><span class='ocrx_word' id='word_1_13' title='bbox 257 440 297 473; x_wconf 87' lang='lat'>15</span> <span class='ocrx_word' id='word_1_14' title='bbox 418 427 630 469; x_wconf 75' lang='lat' dir='ltr'>Pessimae</span> <span class='ocrx_word' id='word_1_15' title='bbox 657 428 808 469; x_wconf 89' lang='lat' dir='ltr'>mentis</span> <span class='ocrx_word' id='word_1_16' title='bbox 837 428 1047 480; x_wconf 79' lang='lat' dir='ltr'>animique</span> <span class='ocrx_word' id='word_1_17' title='bbox 1076 429 1187 482; x_wconf 84' lang='lat' dir='ltr'>nigri</span> 
     </span>
     <span class='ocr_line' id='line_1_5' title="bbox 475 492 791 535; baseline -0.006 0"><span class='ocrx_word' id='word_1_18' title='bbox 475 492 657 535; x_wconf 86' lang='lat' dir='ltr'>Crimine</span> <span class='ocrx_word' id='word_1_19' title='bbox 688 493 791 534; x_wconf 86' lang='lat' dir='ltr'>dira.</span> 
     </span>
    </p>
   </div>
   <div class='ocr_carea' id='block_1_3' title="bbox 256 592 1250 834">
    <p class='ocr_par' dir='ltr' id='par_1_3' title="bbox 420 592 1250 766">
     <span class='ocr_line' id='line_1_6' title="bbox 420 592 1218 646; baseline 0 -12"><span class='ocrx_word' id='word_1_20' title='bbox 420 592 640 646; x_wconf 84' lang='lat' dir='ltr'>Dignaque</span> <span class='ocrx_word' id='word_1_21' title='bbox 669 604 802 644; x_wconf 82' lang='lat' dir='ltr'>poena</span> <span class='ocrx_word' id='word_1_22' title='bbox 831 596 1002 634; x_wconf 84' lang='lat' dir='ltr'>reuocat</span> <span class='ocrx_word' id='word_1_23' title='bbox 1030 593 1073 633; x_wconf 92' lang='lat' dir='ltr'>in</span> <span class='ocrx_word' id='word_1_24' title='bbox 1103 593 1218 643; x_wconf 80' lang='lat' dir='ltr'>hora⁷</span> 
     </span>
     <span class='ocr_line' id='line_1_7' title="bbox 420 658 1250 712; baseline 0.001 -13"><span class='ocrx_word' id='word_1_25' title='bbox 420 658 575 699; x_wconf 83' lang='lat' dir='ltr'>Nostra</span> <span class='ocrx_word' id='word_1_26' title='bbox 607 670 700 699; x_wconf 86' lang='lat' dir='ltr'>cum</span> <span class='ocrx_word' id='word_1_27' title='bbox 730 658 823 700; x_wconf 74' lang='lat' dir='ltr'>(lira</span> <span class='ocrx_word' id='word_1_28' title='bbox 852 658 1022 700; x_wconf 88' lang='lat' dir='ltr'>miseros</span> <span class='ocrx_word' id='word_1_29' title='bbox 1052 663 1250 712; x_wconf 83' lang='lat' dir='ltr'>perurget.</span> 
     </span>
     <span class='ocr_line' id='line_1_8' title="bbox 420 723 1154 766; baseline 0.001 -2"><span class='ocrx_word' id='word_1_30' title='bbox 420 724 608 765; x_wconf 89' lang='lat' dir='ltr'>Pandere</span> <span class='ocrx_word' id='word_1_31' title='bbox 639 724 791 765; x_wconf 86' lang='lat' dir='ltr'>mundo</span> <span class='ocrx_word' id='word_1_32' title='bbox 821 724 1013 765; x_wconf 84' lang='lat' dir='ltr'>uariante</span> <span class='ocrx_word' id='word_1_33' title='bbox 1043 723 1154 766; x_wconf 82' lang='lat' dir='ltr'>facta</span> 
     </span>
    </p>

    <p class='ocr_par' dir='ltr' id='par_1_4' title="bbox 256 790 772 834">
     <span class='ocr_line' id='line_1_9' title="bbox 256 790 772 834; baseline -0.008 0"><span class='ocrx_word' id='word_1_34' title='bbox 256 801 298 834; x_wconf 82' lang='lat'>20</span> <span class='ocrx_word' id='word_1_35' title='bbox 478 790 665 831; x_wconf 91' lang='lat' dir='ltr'>Caelitus</span> <span class='ocrx_word' id='word_1_36' title='bbox 696 790 772 831; x_wconf 88' lang='lat' dir='ltr'>ira.</span> 
     </span>
    </p>
   </div>
   <div class='ocr_carea' id='block_1_4' title="bbox 336 1052 1487 1206">
    <p class='ocr_par' dir='ltr' id='par_1_5' title="bbox 336 1052 1487 1206">
     <span class='ocr_line' id='line_1_10' title="bbox 836 1052 984 1094; baseline -0.007 -1"><span class='ocrx_word' id='word_1_37' title='bbox 836 1052 984 1094; x_wconf 83' lang='lat' dir='ltr'>XLIII.</span> 
     </span>
     <span class='ocr_line' id='line_1_11' title="bbox 336 1150 1487 1206; baseline 0.001 -1"><span class='ocrx_word' id='word_1_38' title='bbox 336 1151 542 1205; x_wconf 76' lang='lat' dir='ltr'>VERsvs</span> <span class='ocrx_word' id='word_1_39' title='bbox 580 1151 630 1204; x_wconf 81' lang='grc' dir='ltr'>ΙΝ</span> <span class='ocrx_word' id='word_1_40' title='bbox 666 1150 862 1204; x_wconf 66' lang='grc' dir='ltr'><strong>ΝᾹΤΜΕ</strong></span> <span class='ocrx_word' id='word_1_41' title='bbox 901 1150 1113 1204; x_wconf 78' lang='grc' dir='ltr'><strong>θΜΝΝΜ</strong></span> <span class='ocrx_word' id='word_1_42' title='bbox 1150 1151 1487 1206; x_wconf 68' lang='lat' dir='ltr'><strong>SANCToRVM.</strong></span> 
     </span>
    </p>
   </div>
   <div class='ocr_carea' id='block_1_5' title="bbox 395 1273 1307 1523">
    <p class='ocr_par' dir='ltr' id='par_1_6' title="bbox 395 1273 1187 1325">
     <span class='ocr_line' id='line_1_12' title="bbox 395 1273 1187 1325; baseline 0.001 -11"><span class='ocrx_word' id='word_1_43' title='bbox 395 1273 643 1314; x_wconf 78' lang='lat' dir='ltr'>Sanctorum</span> <span class='ocrx_word' id='word_1_44' title='bbox 678 1273 836 1314; x_wconf 83' lang='lat' dir='ltr'>meritis</span> <span class='ocrx_word' id='word_1_45' title='bbox 867 1273 1010 1314; x_wconf 85' lang='lat' dir='ltr'>inclita</span> <span class='ocrx_word' id='word_1_46' title='bbox 1035 1273 1187 1325; x_wconf 83' lang='lat' dir='ltr'>gaudia</span> 
     </span>
    </p>

    <p class='ocr_par' dir='ltr' id='par_1_7' title="bbox 395 1338 1189 1391">
     <span class='ocr_line' id='line_1_13' title="bbox 395 1338 1189 1391; baseline 0 -12"><span class='ocrx_word' id='word_1_47' title='bbox 395 1338 643 1391; x_wconf 74' lang='lat' dir='ltr'>Pangamus,</span> <span class='ocrx_word' id='word_1_48' title='bbox 676 1339 789 1389; x_wconf 81' lang='lat' dir='ltr'>socii,</span> <span class='ocrx_word' id='word_1_49' title='bbox 819 1343 1020 1391; x_wconf 82' lang='lat' dir='ltr'>gestaque</span> <span class='ocrx_word' id='word_1_50' title='bbox 1049 1338 1189 1380; x_wconf 88' lang='lat' dir='ltr'>fortia.</span> 
     </span>
    </p>

    <p class='ocr_par' dir='ltr' id='par_1_8' title="bbox 398 1404 1307 1523">
     <span class='ocr_line' id='line_1_14' title="bbox 398 1404 1307 1457; baseline 0.001 -12"><span class='ocrx_word' id='word_1_51' title='bbox 398 1404 505 1446; x_wconf 85' lang='lat' dir='ltr'>Nam</span> <span class='ocrx_word' id='word_1_52' title='bbox 536 1404 676 1455; x_wconf 82' lang='lat' dir='ltr'>gliscit</span> <span class='ocrx_word' id='word_1_53' title='bbox 705 1405 868 1446; x_wconf 85' lang='lat' dir='ltr'>animus</span> <span class='ocrx_word' id='word_1_54' title='bbox 898 1417 1087 1457; x_wconf 83' lang='lat' dir='ltr'>promere</span> <span class='ocrx_word' id='word_1_55' title='bbox 1116 1405 1307 1446; x_wconf 85' lang='lat' dir='ltr'>cantibus</span> 
     </span>
     <span class='ocr_line' id='line_1_15' title="bbox 452 1470 1077 1523; baseline 0 -12"><span class='ocrx_word' id='word_1_56' title='bbox 452 1470 667 1511; x_wconf 80' lang='lat' dir='ltr'>Victorum</span> <span class='ocrx_word' id='word_1_57' title='bbox 698 1482 830 1523; x_wconf 82' lang='lat' dir='ltr'>genus</span> <span class='ocrx_word' id='word_1_58' title='bbox 861 1471 1077 1523; x_wconf 86' lang='lat' dir='ltr'>optimum.</span> 
     </span>
    </p>
   </div>
   <div class='ocr_carea' id='block_1_6' title="bbox 279 1557 1404 1806">
    <p class='ocr_par' dir='ltr' id='par_1_9' title="bbox 279 1557 1404 1741">
     <span class='ocr_line' id='line_1_16' title="bbox 279 1557 1404 1609; baseline -0.002 -9"><span class='ocrx_word' id='word_1_59' title='bbox 279 1570 297 1601; x_wconf 75' lang='lat'>5</span> <span class='ocrx_word' id='word_1_60' title='bbox 393 1557 447 1598; x_wconf 93' lang='lat' dir='ltr'>Hi</span> <span class='ocrx_word' id='word_1_61' title='bbox 477 1561 588 1608; x_wconf 81' lang='lat' dir='ltr'>sunt⁷</span> <span class='ocrx_word' id='word_1_62' title='bbox 623 1569 726 1609; x_wconf 80' lang='lat' dir='ltr'>quos</span> <span class='ocrx_word' id='word_1_63' title='bbox 758 1557 942 1599; x_wconf 72' lang='lat' dir='ltr'>retinens</span> <span class='ocrx_word' id='word_1_64' title='bbox 973 1558 1154 1599; x_wconf 86' lang='lat' dir='ltr'>mundus</span> <span class='ocrx_word' id='word_1_65' title='bbox 1186 1557 1404 1607; x_wconf 77' lang='lat' dir='ltr'>inhorruit,</span> 
     </span>
     <span class='ocr_line' id='line_1_17' title="bbox 392 1623 1251 1676; baseline 0 -12"><span class='ocrx_word' id='word_1_66' title='bbox 392 1624 533 1676; x_wconf 86' lang='lat' dir='ltr'>Ipsum</span> <span class='ocrx_word' id='word_1_67' title='bbox 565 1636 660 1665; x_wconf 81' lang='lat' dir='ltr'>nam</span> <span class='ocrx_word' id='word_1_68' title='bbox 693 1623 827 1664; x_wconf 84' lang='lat' dir='ltr'>sterili</span> <span class='ocrx_word' id='word_1_69' title='bbox 859 1623 958 1664; x_wconf 86' lang='lat' dir='ltr'>flore</span> <span class='ocrx_word' id='word_1_70' title='bbox 987 1636 1059 1675; x_wconf 78' lang='lat' dir='ltr'>per</span> <span class='ocrx_word' id='word_1_71' title='bbox 1088 1623 1251 1665; x_wconf 87' lang='lat' dir='ltr'>aridum</span> 
     </span>
     <span class='ocr_line' id='line_1_18' title="bbox 396 1689 1255 1741; baseline 0 -11"><span class='ocrx_word' id='word_1_72' title='bbox 396 1689 599 1741; x_wconf 78' lang='lat' dir='ltr'>Spreuere</span> <span class='ocrx_word' id='word_1_73' title='bbox 630 1690 799 1741; x_wconf 81' lang='lat' dir='ltr'>penitus</span> <span class='ocrx_word' id='word_1_74' title='bbox 829 1692 954 1741; x_wconf 84' lang='lat' dir='ltr'>teque</span> <span class='ocrx_word' id='word_1_75' title='bbox 982 1690 1114 1731; x_wconf 81' lang='lat' dir='ltr'>secuti</span> <span class='ocrx_word' id='word_1_76' title='bbox 1144 1692 1255 1740; x_wconf 81' lang='lat' dir='ltr'>sunt,</span> 
     </span>
    </p>

    <p class='ocr_par' dir='ltr' id='par_1_10' title="bbox 448 1754 1103 1806">
     <span class='ocr_line' id='line_1_19' title="bbox 448 1754 1103 1806; baseline -0.005 -10"><span class='ocrx_word' id='word_1_77' title='bbox 448 1755 534 1796; x_wconf 81' lang='lat' dir='ltr'>Rex</span> <span class='ocrx_word' id='word_1_78' title='bbox 567 1754 735 1796; x_wconf 87' lang='lat' dir='ltr'>Christe</span> <span class='ocrx_word' id='word_1_79' title='bbox 766 1755 883 1806; x_wconf 79' lang='lat' dir='ltr'>bone,</span> <span class='ocrx_word' id='word_1_80' title='bbox 917 1755 1103 1796; x_wconf 76' lang='lat' dir='ltr'>caelitus.</span> 
     </span>
    </p>
   </div>
   <div class='ocr_carea' id='block_1_7' title="bbox 261 1842 1323 2093">
    <p class='ocr_par' dir='ltr' id='par_1_11' title="bbox 261 1842 1323 2093">
     <span class='ocr_line' id='line_1_20' title="bbox 395 1842 1192 1895; baseline -0.001 -11"><span class='ocrx_word' id='word_1_81' title='bbox 395 1843 448 1884; x_wconf 92' lang='lat' dir='ltr'>Hi</span> <span class='ocrx_word' id='word_1_82' title='bbox 479 1855 552 1895; x_wconf 84' lang='lat' dir='ltr'>pro</span> <span class='ocrx_word' id='word_1_83' title='bbox 585 1847 625 1884; x_wconf 85' lang='lat' dir='ltr'>te</span> <span class='ocrx_word' id='word_1_84' title='bbox 654 1843 804 1885; x_wconf 81' lang='lat' dir='ltr'>Furias</span> <span class='ocrx_word' id='word_1_85' title='bbox 835 1846 961 1895; x_wconf 87' lang='lat' dir='ltr'>atque</span> <span class='ocrx_word' id='word_1_86' title='bbox 992 1842 1192 1884; x_wconf 85' lang='lat' dir='ltr'>ferocium</span> 
     </span>
     <span class='ocr_line' id='line_1_21' title="bbox 261 1907 1323 1960; baseline -0.005 -7"><span class='ocrx_word' id='word_1_87' title='bbox 261 1921 299 1954; x_wconf 88' lang='lat'>10</span> <span class='ocrx_word' id='word_1_88' title='bbox 394 1908 621 1951; x_wconf 84' lang='lat' dir='ltr'>Calcarunt</span> <span class='ocrx_word' id='word_1_89' title='bbox 650 1908 864 1949; x_wconf 88' lang='lat' dir='ltr'>hominum</span> <span class='ocrx_word' id='word_1_90' title='bbox 897 1919 1107 1960; x_wconf 81' lang='lat' dir='ltr'>saeuaque</span> <span class='ocrx_word' id='word_1_91' title='bbox 1137 1907 1323 1958; x_wconf 86' lang='lat' dir='ltr'>uerbera,</span> 
     </span>
     <span class='ocr_line' id='line_1_22' title="bbox 397 1974 1248 2025; baseline -0.002 -9"><span class='ocrx_word' id='word_1_92' title='bbox 397 1975 533 2017; x_wconf 84' lang='lat' dir='ltr'>Cessit</span> <span class='ocrx_word' id='word_1_93' title='bbox 563 1975 626 2016; x_wconf 89' lang='lat' dir='ltr'>his</span> <span class='ocrx_word' id='word_1_94' title='bbox 655 1976 842 2017; x_wconf 81' lang='lat' dir='ltr'>lacerans</span> <span class='ocrx_word' id='word_1_95' title='bbox 874 1974 1037 2016; x_wconf 76' lang='lat' dir='ltr'>fortiter</span> <span class='ocrx_word' id='word_1_96' title='bbox 1066 1974 1248 2025; x_wconf 82' lang='lat' dir='ltr'>ungulas</span> 
     </span>
     <span class='ocr_line' id='line_1_23' title="bbox 450 2040 942 2093; baseline -0.002 -12"><span class='ocrx_word' id='word_1_97' title='bbox 450 2041 536 2083; x_wconf 80' lang='lat' dir='ltr'>Nec</span> <span class='ocrx_word' id='word_1_98' title='bbox 564 2041 668 2083; x_wconf 85' lang='lat' dir='ltr'>arsit</span> <span class='ocrx_word' id='word_1_99' title='bbox 698 2040 942 2093; x_wconf 86' lang='lat' dir='ltr'>penetralia.</span> 
     </span>
    </p>
   </div>
   <div class='ocr_carea' id='block_1_8' title="bbox 262 2179 1574 2281">
    <p class='ocr_par' dir='ltr' id='par_1_12' title="bbox 262 2179 1574 2281">
     <span class='ocr_line' id='line_1_24' title="bbox 351 2179 1574 2226; baseline -0.003 -10"><span class='ocrx_word' id='word_1_100' title='bbox 351 2182 389 2216; x_wconf 91' lang='lat' dir='ltr'>V.</span> <span class='ocrx_word' id='word_1_101' title='bbox 414 2183 453 2215; x_wconf 72' lang='lat'>15</span> <span class='ocrx_word' id='word_1_102' title='bbox 484 2182 636 2226; x_wconf 76' lang='lat' dir='ltr'>pessime</span> <span class='ocrx_word' id='word_1_103' title='bbox 687 2182 889 2225; x_wconf 81' lang='lat' dir='ltr'>animeque.</span> <span class='ocrx_word' id='word_1_104' title='bbox 934 2183 972 2215; x_wconf 79' lang='lat'>17</span> <span class='ocrx_word' id='word_1_105' title='bbox 1003 2192 1119 2225; x_wconf 71' lang='lat' dir='ltr'>paena</span> <span class='ocrx_word' id='word_1_106' title='bbox 1166 2181 1202 2214; x_wconf 89' lang='lat' dir='ltr'>in</span> <span class='ocrx_word' id='word_1_107' title='bbox 1236 2192 1309 2215; x_wconf 82' lang='lat' dir='ltr'>ora.</span> <span class='ocrx_word' id='word_1_108' title='bbox 1354 2180 1396 2213; x_wconf 78' lang='lat'>20</span> <span class='ocrx_word' id='word_1_109' title='bbox 1421 2179 1491 2223; x_wconf 83' lang='lat' dir='ltr'>ira]</span> <span class='ocrx_word' id='word_1_110' title='bbox 1523 2189 1574 2213; x_wconf 83' lang='lat' dir='ltr'>se.</span> 
     </span>
     <span class='ocr_line' id='line_1_25' title="bbox 262 2236 1085 2281; baseline 0 -11"><span class='ocrx_word' id='word_1_111' title='bbox 262 2237 403 2281; x_wconf 74' lang='lat' dir='ltr'>quitur:</span> <span class='ocrx_word' id='word_1_112' title='bbox 428 2236 553 2270; x_wconf 72' lang='lat' dir='ltr'>Gloria</span> <span class='ocrx_word' id='word_1_113' title='bbox 579 2236 724 2271; x_wconf 75' lang='lat' dir='ltr'>Christo</span> <span class='ocrx_word' id='word_1_114' title='bbox 750 2236 877 2280; x_wconf 77' lang='lat' dir='ltr'>patulo</span> <span class='ocrx_word' id='word_1_115' title='bbox 902 2247 1085 2270; x_wconf 75' lang='lat' dir='ltr'>canamus.</span> 
     </span>
    </p>
   </div>
   <div class='ocr_carea' id='block_1_9' title="bbox 350 2301 1503 2411">
    <p class='ocr_par' dir='ltr' id='par_1_13' title="bbox 350 2301 1503 2411">
     <span class='ocr_line' id='line_1_26' title="bbox 350 2301 1069 2344; baseline -0.003 -9"><span class='ocrx_word' id='word_1_116' title='bbox 350 2302 473 2335; x_wconf 79' lang='lat' dir='ltr'>XLIII.</span> <span class='ocrx_word' id='word_1_117' title='bbox 499 2301 581 2335; x_wconf 74' lang='lat' dir='ltr'>Cocl.</span> <span class='ocrx_word' id='word_1_118' title='bbox 606 2302 716 2336; x_wconf 74' lang='lat' dir='ltr'>Rern.</span> <span class='ocrx_word' id='word_1_119' title='bbox 740 2305 805 2335; x_wconf 75' lang='lat'>455</span> <span class='ocrx_word' id='word_1_120' title='bbox 829 2312 855 2335; x_wconf 85' lang='lat'>8.</span> <span class='ocrx_word' id='word_1_121' title='bbox 883 2302 922 2334; x_wconf 89' lang='lat' dir='ltr'><em>X</em></span> <span class='ocrx_word' id='word_1_122' title='bbox 944 2302 969 2344; x_wconf 79' lang='lat' dir='ltr'>f.</span> <span class='ocrx_word' id='word_1_123' title='bbox 995 2305 1033 2334; x_wconf 87' lang='lat'>11</span> <span class='ocrx_word' id='word_1_124' title='bbox 1045 2309 1069 2333; x_wconf 58' lang='grc' dir='ltr'>Β.</span> 
     </span>
     <span class='ocr_line' id='line_1_27' title="bbox 351 2365 1503 2411; baseline -0.003 -10"><span class='ocrx_word' id='word_1_125' title='bbox 351 2367 392 2401; x_wconf 91' lang='lat' dir='ltr'>V.</span> <span class='ocrx_word' id='word_1_126' title='bbox 417 2369 435 2401; x_wconf 87' lang='grc'>7</span> <span class='ocrx_word' id='word_1_127' title='bbox 459 2367 638 2411; x_wconf 81' lang='lat' dir='ltr'>paenitus.</span> <span class='ocrx_word' id='word_1_128' title='bbox 675 2370 715 2402; x_wconf 85' lang='lat'>10</span> <span class='ocrx_word' id='word_1_129' title='bbox 738 2369 809 2410; x_wconf 76' lang='lat' dir='ltr'>fuit</span> <span class='ocrx_word' id='word_1_130' title='bbox 839 2368 1041 2402; x_wconf 79' lang='lat' dir='ltr'>humanum</span> <span class='ocrx_word' id='word_1_131' title='bbox 1088 2377 1233 2410; x_wconf 81' lang='lat' dir='ltr'>suaque.</span> <span class='ocrx_word' id='word_1_132' title='bbox 1271 2367 1310 2400; x_wconf 85' lang='lat'>12</span> <span class='ocrx_word' id='word_1_133' title='bbox 1334 2365 1503 2400; x_wconf 78' lang='lat' dir='ltr'>necarsit.</span> 
     </span>
    </p>
   </div>
  </div>
 </body>
</html>
