1643 2574
298 181 477 217 VERSVS
503 181 555 216 IN
580 179 771 215 NATALE
796 175 965 212 SANOTI
988 172 1258 209 BENEDICTI.
1383 163 1432 202 61

686 364 877 407 XXXVI.

234 467 442 526 VERSVS
479 467 531 521 IN
566 464 766 520 NATALE
804 462 990 517 SANCTI
1026 458 1326 515 BENEBICTI.

293 580 473 630 Christe,
503 580 738 620 sanctorum
768 575 894 617 decus
922 577 1048 626 atque
1076 573 1228 623 uirtus,

291 646 391 688 Vita
419 648 462 686 et
491 643 636 693 forma,
669 642 751 692 uia,
780 642 851 682 lux
881 644 922 681 et
952 643 1110 691 auctor,

294 711 536 765 Supplicum
565 712 662 750 uota
692 707 932 760 pariterque
961 705 1162 760 hymnum

348 777 520 830 Suscipe
550 776 743 817 clemens.

294 868 374 918 Qui
402 870 521 908 tuum
551 863 708 905 dudum
739 860 1010 903 Benedictuin
1042 859 1093 900 ad
1126 863 1168 901 te
1424 869 1444 901 5

295 931 532 975 Adtrahens
562 929 664 971 mire
693 927 924 980 segregasti
953 925 1122 976 inundo,

295 999 354 1042 Ut
382 997 534 1052 probra
564 994 708 1036 mundi
738 993 963 1047 reprobare
994 991 1157 1033 discens

351 1063 409 1106 Te
439 1064 695 1114 sequeretur.

299 1152 425 1195 Cuius
454 1151 653 1192 deuotum
683 1148 867 1189 animuin
896 1146 1015 1199 pueri

299 1217 445 1260 Gratia
474 1219 637 1269 prostas
667 1213 762 1255 fidei
792 1213 943 1264 ualere,
1408 1221 1447 1254 10

301 1285 391 1335 Qua
420 1283 566 1324 ualens
594 1280 697 1321 mire
726 1279 918 1332 precibus
946 1277 1109 1331 peregit

355 1349 496 1391 Mente
524 1346 648 1388 fideli.

298 1438 455 1481 Deinde
486 1435 712 1478 extendens
745 1433 892 1486 pedem
922 1433 963 1473 in
996 1431 1165 1473 remotis

299 1505 440 1546 Ardua
471 1501 631 1544 scandit
661 1500 848 1542 cruciare
878 1498 1036 1540 malens

301 1569 494 1622 Corporis
524 1570 641 1609 artus
671 1566 864 1608 iuuenilis
895 1564 1042 1606 ardens
1410 1571 1450 1604 15

355 1636 505 1678 Castus
535 1644 685 1674 amore.

301 1723 442 1765 Inbuit
470 1720 664 1774 posthinc
695 1719 884 1760 homines
913 1718 1059 1759 beatos

302 1789 474 1842 Regulis
505 1787 610 1829 artis
641 1786 800 1827 animos
831 1783 996 1825 retundi

304 1855 358 1897 Et
386 1855 483 1906 iugo
515 1864 676 1904 semper
709 1850 863 1892 domini
892 1849 1080 1902 polorum

359 1920 543 1962 Subdere
578 1918 693 1960 colla.
1412 1921 1456 1954 20

307 2008 341 2049 E
373 2007 521 2061 quibus
550 2005 740 2056 Maurus,
772 2003 938 2045 sedulus
966 2001 1170 2047 minister,

305 2073 481 2126 Gurgite
512 2072 681 2113 ductum
712 2069 921 2123 placidum
951 2078 1124 2120 puerum

232 2194 392 2228 XXXVI.
419 2193 501 2227 Cod.
526 2192 635 2225 Rern.
662 2194 726 2223 455
750 2200 776 2224 s.
805 2189 844 2222 X
865 2190 889 2231 f.
915 2190 970 2221 8¹³.

232 2249 274 2284 V.
298 2250 317 2283 ‹J›
342 2249 536 2287 mundum,
561 2256 651 2280 corr.
696 2247 714 2278 7
740 2245 847 2288 probr
859 2255 887 2277 a.
924 2243 960 2277 11
987 2242 1187 2287 praecibus.
1228 2241 1268 2274 14
1294 2240 1458 2277 mellens,

145 2315 232 2339 sorr.
258 2305 420 2338 mallens.
446 2303 486 2336 16
511 2302 582 2344 fuit
600 2302 710 2336 casto.
738 2301 775 2333 17
793 2299 866 2341 fuit
882 2298 1022 2332 beatus.
1049 2297 1089 2330 18
1112 2296 1183 2339 fuit
1200 2294 1327 2339 regule
1345 2296 1459 2327 artus.

144 2360 187 2393 20
209 2359 279 2402 fleti!
305 2359 507 2392 subsedere.
