<?xml version="1.0" encoding="UTF-8"?>
<!DOCTYPE html PUBLIC "-//W3C//DTD XHTML 1.0 Transitional//EN"
    "http://www.w3.org/TR/xhtml1/DTD/xhtml1-transitional.dtd">
<html xmlns="http://www.w3.org/1999/xhtml" xml:lang="en" lang="en">
 <head>
  <title>
</title>
<meta http-equiv="Content-Type" content="text/html;charset=utf-8" />
  <meta name='ocr-system' content='tesseract 3.04.00' />
  <meta name='ocr-capabilities' content='ocr_page ocr_carea ocr_par ocr_line ocrx_word'/>
</head>
<body>
  <div class='ocr_page' id='page_1' title='image "./carminamediiaevi00domuuoft_0113.png"; bbox 0 0 1643 2574; ppageno 0'>
   <div class='ocr_carea' id='block_1_1' title="bbox 108 2251 289 2256">
    <p class='ocr_par' dir='ltr' id='par_1_1' title="bbox 108 2251 289 2256">
     <span class='ocr_line' id='line_1_1' title="bbox 108 2251 289 2256; baseline 0 0"><span class='ocrx_word' id='word_1_1' title='bbox 108 2251 289 2256; x_wconf 95' lang='lat' dir='ltr'> </span> 
     </span>
    </p>
   </div>
   <div class='ocr_carea' id='block_1_2' title="bbox 366 167 1082 214">
    <p class='ocr_par' dir='ltr' id='par_1_2' title="bbox 366 167 1082 214">
     <span class='ocr_line' id='line_1_2' title="bbox 366 167 1082 214; baseline -0.02 0"><span class='ocrx_word' id='word_1_2' title='bbox 366 175 546 214; x_wconf 80' lang='lat' dir='ltr'>VERSVS</span> <span class='ocrx_word' id='word_1_3' title='bbox 571 174 631 209; x_wconf 88' lang='lat' dir='ltr'>DE</span> <span class='ocrx_word' id='word_1_4' title='bbox 656 170 795 207; x_wconf 88' lang='lat' dir='ltr'><strong>IACOB</strong></span> <span class='ocrx_word' id='word_1_5' title='bbox 821 169 879 204; x_wconf 82' lang='lat' dir='ltr'>ET</span> <span class='ocrx_word' id='word_1_6' title='bbox 904 167 1082 203; x_wconf 85' lang='lat' dir='ltr'>IOSEPH.</span> 
     </span>
    </p>
   </div>
   <div class='ocr_carea' id='block_1_3' title="bbox 369 281 1001 664">
    <p class='ocr_par' dir='ltr' id='par_1_3' title="bbox 369 281 876 398">
     <span class='ocr_line' id='line_1_3' title="bbox 369 281 876 330; baseline -0.02 0"><span class='ocrx_word' id='word_1_7' title='bbox 369 286 578 329; x_wconf 88' lang='lat' dir='ltr'>Abraham</span> <span class='ocrx_word' id='word_1_8' title='bbox 610 283 676 326; x_wconf 86' lang='lat' dir='ltr'>dei</span> <span class='ocrx_word' id='word_1_9' title='bbox 710 281 876 330; x_wconf 77' lang='lat' dir='ltr'>amicus⁷</span> 
     </span>
     <span class='ocr_line' id='line_1_4' title="bbox 373 348 799 398; baseline -0.021 -2"><span class='ocrx_word' id='word_1_10' title='bbox 373 354 484 395; x_wconf 89' lang='lat' dir='ltr'>Puer</span> <span class='ocrx_word' id='word_1_11' title='bbox 514 348 799 398; x_wconf 85' lang='lat' dir='ltr'>fidelissimus,</span> 
     </span>
    </p>

    <p class='ocr_par' dir='ltr' id='par_1_4' title="bbox 372 411 911 528">
     <span class='ocr_line' id='line_1_5' title="bbox 372 411 911 464; baseline -0.019 -3"><span class='ocrx_word' id='word_1_12' title='bbox 372 418 512 461; x_wconf 89' lang='lat' dir='ltr'>Heber</span> <span class='ocrx_word' id='word_1_13' title='bbox 542 426 672 458; x_wconf 83' lang='lat' dir='ltr'>aurea</span> <span class='ocrx_word' id='word_1_14' title='bbox 701 413 751 455; x_wconf 88' lang='lat' dir='ltr'>de</span> <span class='ocrx_word' id='word_1_15' title='bbox 783 411 911 464; x_wconf 80' lang='lat' dir='ltr'>stirpe</span> 
     </span>
     <span class='ocr_line' id='line_1_6' title="bbox 374 478 771 528; baseline -0.023 -1"><span class='ocrx_word' id='word_1_16' title='bbox 374 482 587 527; x_wconf 86' lang='lat' dir='ltr'>Oriundus</span> <span class='ocrx_word' id='word_1_17' title='bbox 618 478 771 528; x_wconf 70' lang='lat' dir='ltr'>extitit,</span> 
     </span>
    </p>

    <p class='ocr_par' dir='ltr' id='par_1_5' title="bbox 374 542 1001 664">
     <span class='ocr_line' id='line_1_7' title="bbox 374 542 1001 603; baseline -0.019 -11"><span class='ocrx_word' id='word_1_18' title='bbox 374 551 413 592; x_wconf 93' lang='lat' dir='ltr'>A</span> <span class='ocrx_word' id='word_1_19' title='bbox 438 560 518 603; x_wconf 89' lang='lat' dir='ltr'>quo</span> <span class='ocrx_word' id='word_1_20' title='bbox 548 547 684 599; x_wconf 90' lang='lat' dir='ltr'>coepit</span> <span class='ocrx_word' id='word_1_21' title='bbox 713 542 1001 585; x_wconf 80' lang='lat' dir='ltr'>Hebraeorum</span> 
     </span>
     <span class='ocr_line' id='line_1_8' title="bbox 380 609 817 664; baseline -0.021 -6"><span class='ocrx_word' id='word_1_22' title='bbox 380 613 595 657; x_wconf 83' lang='lat' dir='ltr'>Diffamari</span> <span class='ocrx_word' id='word_1_23' title='bbox 624 609 817 664; x_wconf 85' lang='lat' dir='ltr'>populus.</span> 
     </span>
    </p>
   </div>
   <div class='ocr_carea' id='block_1_4' title="bbox 381 707 1066 1216">
    <p class='ocr_par' dir='ltr' id='par_1_6' title="bbox 381 707 1066 1216">
     <span class='ocr_line' id='line_1_9' title="bbox 435 707 885 754; baseline -0.02 1"><span class='ocrx_word' id='word_1_24' title='bbox 435 713 544 754; x_wconf 83' lang='lat' dir='ltr'>Huic</span> <span class='ocrx_word' id='word_1_25' title='bbox 574 709 731 752; x_wconf 83' lang='lat' dir='ltr'>sterilis</span> <span class='ocrx_word' id='word_1_26' title='bbox 761 707 885 748; x_wconf 85' lang='lat' dir='ltr'>beata</span> 
     </span>
     <span class='ocr_line' id='line_1_10' title="bbox 381 773 900 827; baseline -0.019 -5"><span class='ocrx_word' id='word_1_27' title='bbox 381 781 485 822; x_wconf 83' lang='lat' dir='ltr'>Sara</span> <span class='ocrx_word' id='word_1_28' title='bbox 516 780 707 820; x_wconf 81' lang='lat' dir='ltr'>sanctuni</span> <span class='ocrx_word' id='word_1_29' title='bbox 737 773 900 827; x_wconf 80' lang='lat' dir='ltr'>peperit</span> 
     </span>
     <span class='ocr_line' id='line_1_11' title="bbox 382 836 973 894; baseline -0.019 -6"><span class='ocrx_word' id='word_1_30' title='bbox 382 846 549 894; x_wconf 78' lang='lat' dir='ltr'>Filium,</span> <span class='ocrx_word' id='word_1_31' title='bbox 581 843 647 884; x_wconf 89' lang='lat' dir='ltr'>cui</span> <span class='ocrx_word' id='word_1_32' title='bbox 678 851 828 882; x_wconf 88' lang='lat' dir='ltr'>nomen</span> <span class='ocrx_word' id='word_1_33' title='bbox 859 836 973 878; x_wconf 81' lang='lat' dir='ltr'>dedit</span> 
     </span>
     <span class='ocr_line' id='line_1_12' title="bbox 382 905 843 959; baseline -0.024 -4"><span class='ocrx_word' id='word_1_34' title='bbox 382 913 524 954; x_wconf 89' lang='lat' dir='ltr'>Bonus</span> <span class='ocrx_word' id='word_1_35' title='bbox 554 909 621 951; x_wconf 91' lang='lat' dir='ltr'>dei</span> <span class='ocrx_word' id='word_1_36' title='bbox 649 905 843 959; x_wconf 81' lang='lat' dir='ltr'>angelus:</span> 
     </span>
     <span class='ocr_line' id='line_1_13' title="bbox 385 966 1066 1020; baseline -0.022 0"><span class='ocrx_word' id='word_1_37' title='bbox 385 978 564 1020; x_wconf 87' lang='lat' dir='ltr'>Clausus</span> <span class='ocrx_word' id='word_1_38' title='bbox 593 973 730 1015; x_wconf 91' lang='lat' dir='ltr'>adhuc</span> <span class='ocrx_word' id='word_1_39' title='bbox 760 970 886 1012; x_wconf 89' lang='lat' dir='ltr'>uulua</span> <span class='ocrx_word' id='word_1_40' title='bbox 918 966 1066 1008; x_wconf 85' lang='lat' dir='ltr'>matris</span> 
     </span>
     <span class='ocr_line' id='line_1_14' title="bbox 386 1040 816 1086; baseline -0.023 0"><span class='ocrx_word' id='word_1_41' title='bbox 386 1046 501 1086; x_wconf 82' lang='lat' dir='ltr'>Isaac</span> <span class='ocrx_word' id='word_1_42' title='bbox 530 1044 707 1083; x_wconf 85' lang='lat' dir='ltr'>uocatus</span> <span class='ocrx_word' id='word_1_43' title='bbox 738 1040 816 1086; x_wconf 82' lang='lat' dir='ltr'>est,</span> 
     </span>
     <span class='ocr_line' id='line_1_15' title="bbox 386 1101 1013 1159; baseline -0.021 -7"><span class='ocrx_word' id='word_1_44' title='bbox 386 1110 522 1159; x_wconf 84' lang='lat' dir='ltr'>Quem</span> <span class='ocrx_word' id='word_1_45' title='bbox 551 1107 593 1147; x_wconf 92' lang='lat' dir='ltr'>in</span> <span class='ocrx_word' id='word_1_46' title='bbox 622 1105 691 1147; x_wconf 89' lang='lat' dir='ltr'>dei</span> <span class='ocrx_word' id='word_1_47' title='bbox 716 1101 1013 1144; x_wconf 88' lang='lat' dir='ltr'>holocaustum</span> 
     </span>
     <span class='ocr_line' id='line_1_16' title="bbox 386 1167 876 1216; baseline -0.022 1"><span class='ocrx_word' id='word_1_48' title='bbox 386 1176 514 1216; x_wconf 89' lang='lat' dir='ltr'>Pater</span> <span class='ocrx_word' id='word_1_49' title='bbox 543 1173 680 1214; x_wconf 87' lang='lat' dir='ltr'>iustus</span> <span class='ocrx_word' id='word_1_50' title='bbox 711 1167 876 1211; x_wconf 85' lang='lat' dir='ltr'>obtulit.</span> 
     </span>
    </p>
   </div>
   <div class='ocr_carea' id='block_1_5' title="bbox 390 1257 1043 1770">
    <p class='ocr_par' dir='ltr' id='par_1_7' title="bbox 390 1257 1043 1512">
     <span class='ocr_line' id='line_1_17' title="bbox 448 1257 1029 1308; baseline -0.022 0"><span class='ocrx_word' id='word_1_51' title='bbox 448 1266 527 1308; x_wconf 90' lang='lat' dir='ltr'>Hic</span> <span class='ocrx_word' id='word_1_52' title='bbox 555 1264 744 1306; x_wconf 80' lang='lat' dir='ltr'>Rebecca</span> <span class='ocrx_word' id='word_1_53' title='bbox 775 1260 824 1302; x_wconf 88' lang='lat' dir='ltr'>de</span> <span class='ocrx_word' id='word_1_54' title='bbox 854 1257 1029 1308; x_wconf 80' lang='lat' dir='ltr'>coniuge</span> 
     </span>
     <span class='ocr_line' id='line_1_18' title="bbox 390 1324 922 1375; baseline -0.023 0"><span class='ocrx_word' id='word_1_55' title='bbox 390 1332 514 1375; x_wconf 85' lang='lat' dir='ltr'>Iacob</span> <span class='ocrx_word' id='word_1_56' title='bbox 544 1332 734 1373; x_wconf 80' lang='lat' dir='ltr'>sanctum</span> <span class='ocrx_word' id='word_1_57' title='bbox 765 1324 922 1367; x_wconf 90' lang='lat' dir='ltr'>domini</span> 
     </span>
     <span class='ocr_line' id='line_1_19' title="bbox 394 1388 1043 1449; baseline -0.02 -8"><span class='ocrx_word' id='word_1_58' title='bbox 394 1398 555 1440; x_wconf 88' lang='lat' dir='ltr'>Habuit</span> <span class='ocrx_word' id='word_1_59' title='bbox 586 1395 754 1449; x_wconf 85' lang='lat' dir='ltr'>prolem,</span> <span class='ocrx_word' id='word_1_60' title='bbox 787 1402 910 1444; x_wconf 89' lang='lat' dir='ltr'>quem</span> <span class='ocrx_word' id='word_1_61' title='bbox 941 1388 1043 1430; x_wconf 83' lang='lat' dir='ltr'>deus</span> 
     </span>
     <span class='ocr_line' id='line_1_20' title="bbox 395 1459 812 1512; baseline -0.017 -7"><span class='ocrx_word' id='word_1_62' title='bbox 395 1463 552 1505; x_wconf 85' lang='lat' dir='ltr'>Dilexit</span> <span class='ocrx_word' id='word_1_63' title='bbox 583 1462 625 1502; x_wconf 90' lang='lat' dir='ltr'>in</span> <span class='ocrx_word' id='word_1_64' title='bbox 655 1459 812 1512; x_wconf 86' lang='lat' dir='ltr'>specie:</span> 
     </span>
    </p>

    <p class='ocr_par' dir='ltr' id='par_1_8' title="bbox 396 1521 989 1770">
     <span class='ocr_line' id='line_1_21' title="bbox 396 1521 968 1577; baseline -0.019 -5"><span class='ocrx_word' id='word_1_65' title='bbox 396 1530 476 1572; x_wconf 92' lang='lat' dir='ltr'>Hic</span> <span class='ocrx_word' id='word_1_66' title='bbox 505 1527 721 1570; x_wconf 81' lang='lat' dir='ltr'>duodecim</span> <span class='ocrx_word' id='word_1_67' title='bbox 753 1521 968 1577; x_wconf 83' lang='lat' dir='ltr'>quaternis</span> 
     </span>
     <span class='ocr_line' id='line_1_22' title="bbox 396 1589 867 1638; baseline -0.021 1"><span class='ocrx_word' id='word_1_68' title='bbox 396 1596 554 1638; x_wconf 88' lang='lat' dir='ltr'>Genuit</span> <span class='ocrx_word' id='word_1_69' title='bbox 584 1593 634 1634; x_wconf 89' lang='lat' dir='ltr'>de</span> <span class='ocrx_word' id='word_1_70' title='bbox 664 1589 867 1633; x_wconf 85' lang='lat' dir='ltr'>matribus</span> 
     </span>
     <span class='ocr_line' id='line_1_23' title="bbox 397 1656 989 1711; baseline -0.02 -6"><span class='ocrx_word' id='word_1_71' title='bbox 397 1662 526 1704; x_wconf 88' lang='lat' dir='ltr'>Filios</span> <span class='ocrx_word' id='word_1_72' title='bbox 555 1673 579 1701; x_wconf 90' lang='lat' dir='ltr'>a</span> <span class='ocrx_word' id='word_1_73' title='bbox 610 1657 760 1711; x_wconf 87' lang='lat' dir='ltr'>quibus</span> <span class='ocrx_word' id='word_1_74' title='bbox 791 1666 893 1709; x_wconf 82' lang='lat' dir='ltr'>gens</span> <span class='ocrx_word' id='word_1_75' title='bbox 924 1656 989 1694; x_wconf 85' lang='lat' dir='ltr'>est</span> 
     </span>
     <span class='ocr_line' id='line_1_24' title="bbox 400 1723 805 1770; baseline -0.025 1"><span class='ocrx_word' id='word_1_76' title='bbox 400 1727 532 1770; x_wconf 88' lang='lat' dir='ltr'>Israel</span> <span class='ocrx_word' id='word_1_77' title='bbox 564 1723 805 1767; x_wconf 79' lang='lat' dir='ltr'>lectissima,</span> 
     </span>
    </p>
   </div>
   <div class='ocr_carea' id='block_1_6' title="bbox 401 1817 1041 2204">
    <p class='ocr_par' dir='ltr' id='par_1_9' title="bbox 401 1817 1041 2204">
     <span class='ocr_line' id='line_1_25' title="bbox 459 1817 991 1876; baseline -0.021 -9"><span class='ocrx_word' id='word_1_78' title='bbox 459 1826 542 1876; x_wconf 87' lang='lat' dir='ltr'>Qui</span> <span class='ocrx_word' id='word_1_79' title='bbox 571 1824 720 1865; x_wconf 83' lang='lat' dir='ltr'>beatus</span> <span class='ocrx_word' id='word_1_80' title='bbox 751 1817 991 1874; x_wconf 81' lang='lat' dir='ltr'>patriarcha</span> 
     </span>
     <span class='ocr_line' id='line_1_26' title="bbox 403 1888 846 1934; baseline -0.018 0"><span class='ocrx_word' id='word_1_81' title='bbox 403 1893 560 1934; x_wconf 88' lang='lat' dir='ltr'>Filium</span> <span class='ocrx_word' id='word_1_82' title='bbox 587 1888 846 1932; x_wconf 86' lang='lat' dir='ltr'>carissimum</span> 
     </span>
     <span class='ocr_line' id='line_1_27' title="bbox 402 1954 893 1999; baseline -0.02 1"><span class='ocrx_word' id='word_1_83' title='bbox 402 1957 560 1999; x_wconf 85' lang='lat' dir='ltr'>Genuit</span> <span class='ocrx_word' id='word_1_84' title='bbox 590 1956 632 1996; x_wconf 90' lang='lat' dir='ltr'>in</span> <span class='ocrx_word' id='word_1_85' title='bbox 663 1954 893 1997; x_wconf 72' lang='lat' dir='ltr'>senectute,</span> 
     </span>
     <span class='ocr_line' id='line_1_28' title="bbox 401 2016 926 2075; baseline -0.017 -10"><span class='ocrx_word' id='word_1_86' title='bbox 401 2021 554 2075; x_wconf 88' lang='lat' dir='ltr'>Ioseph</span> <span class='ocrx_word' id='word_1_87' title='bbox 582 2031 734 2062; x_wconf 91' lang='lat' dir='ltr'>nomen</span> <span class='ocrx_word' id='word_1_88' title='bbox 764 2016 926 2065; x_wconf 76' lang='lat' dir='ltr'>indidit,</span> 
     </span>
     <span class='ocr_line' id='line_1_29' title="bbox 405 2086 1041 2139; baseline -0.019 -8"><span class='ocrx_word' id='word_1_89' title='bbox 405 2090 539 2139; x_wconf 80' lang='lat' dir='ltr'>Quem</span> <span class='ocrx_word' id='word_1_90' title='bbox 568 2086 713 2128; x_wconf 86' lang='lat' dir='ltr'>dilexit</span> <span class='ocrx_word' id='word_1_91' title='bbox 744 2095 868 2136; x_wconf 89' lang='lat' dir='ltr'>super</span> <span class='ocrx_word' id='word_1_92' title='bbox 898 2091 1041 2122; x_wconf 82' lang='lat' dir='ltr'>omnes</span> 
     </span>
     <span class='ocr_line' id='line_1_30' title="bbox 405 2150 856 2204; baseline -0.02 -7"><span class='ocrx_word' id='word_1_93' title='bbox 405 2155 539 2196; x_wconf 88' lang='lat' dir='ltr'>Natos</span> <span class='ocrx_word' id='word_1_94' title='bbox 569 2150 856 2204; x_wconf 82' lang='lat' dir='ltr'>singulariter:</span> 
     </span>
    </p>
   </div>
   <div class='ocr_carea' id='block_1_7' title="bbox 106 2292 1340 2411">
    <p class='ocr_par' dir='ltr' id='par_1_10' title="bbox 106 2292 1340 2411">
     <span class='ocr_line' id='line_1_31' title="bbox 193 2292 1340 2347; baseline -0.019 0"><span class='ocrx_word' id='word_1_95' title='bbox 193 2313 236 2347; x_wconf 84' lang='lat' dir='ltr'>V.</span> <span class='ocrx_word' id='word_1_96' title='bbox 262 2313 300 2346; x_wconf 85' lang='lat'>15</span> <span class='ocrx_word' id='word_1_97' title='bbox 325 2311 553 2345; x_wconf 85' lang='lat' dir='ltr'>hebreorum.</span> <span class='ocrx_word' id='word_1_98' title='bbox 586 2307 626 2340; x_wconf 83' lang='lat'>17</span> <span class='ocrx_word' id='word_1_99' title='bbox 652 2306 794 2339; x_wconf 82' lang='lat' dir='ltr'>baeata.</span> <span class='ocrx_word' id='word_1_100' title='bbox 825 2302 868 2335; x_wconf 72' lang='lat'>20</span> <span class='ocrx_word' id='word_1_101' title='bbox 898 2299 1043 2342; x_wconf 89' lang='lat' dir='ltr'>nomen]</span> <span class='ocrx_word' id='word_1_102' title='bbox 1068 2304 1248 2340; x_wconf 76' lang='lat' dir='ltr'>suprascr.</span> <span class='ocrx_word' id='word_1_103' title='bbox 1273 2292 1340 2326; x_wconf 89' lang='lat' dir='ltr'>dei.</span> 
     </span>
     <span class='ocr_line' id='line_1_32' title="bbox 106 2352 1159 2411; baseline -0.019 -7"><span class='ocrx_word' id='word_1_104' title='bbox 106 2370 210 2404; x_wconf 82' lang='lat' dir='ltr'>iacob</span> <span class='ocrx_word' id='word_1_105' title='bbox 235 2377 348 2411; x_wconf 73' lang='lat' dir='ltr'>supra</span> <span class='ocrx_word' id='word_1_106' title='bbox 373 2366 435 2400; x_wconf 76' lang='lat' dir='ltr'>lin.</span> <span class='ocrx_word' id='word_1_107' title='bbox 459 2363 542 2398; x_wconf 81' lang='lat' dir='ltr'>add.</span> <span class='ocrx_word' id='word_1_108' title='bbox 569 2362 610 2396; x_wconf 77' lang='lat'>32</span> <span class='ocrx_word' id='word_1_109' title='bbox 635 2358 841 2398; x_wconf 82' lang='lat' dir='ltr'>lectissima,</span> <span class='ocrx_word' id='word_1_110' title='bbox 867 2365 957 2390; x_wconf 80' lang='lat' dir='ltr'>corr.</span> <span class='ocrx_word' id='word_1_111' title='bbox 974 2352 1159 2388; x_wconf 76' lang='lat' dir='ltr'>letissima.</span> 
     </span>
    </p>
   </div>
   <div class='ocr_carea' id='block_1_8' title="bbox 1328 154 1377 193">
    <p class='ocr_par' dir='ltr' id='par_1_11' title="bbox 1328 154 1377 193">
     <span class='ocr_line' id='line_1_33' title="bbox 1328 154 1377 193; baseline -0.02 0"><span class='ocrx_word' id='word_1_112' title='bbox 1328 154 1377 193; x_wconf 77' lang='lat'>85</span> 
     </span>
    </p>
   </div>
   <div class='ocr_carea' id='block_1_9' title="bbox 1345 545 1386 578">
    <p class='ocr_par' dir='ltr' id='par_1_12' title="bbox 1345 545 1386 578">
     <span class='ocr_line' id='line_1_34' title="bbox 1345 545 1386 578; baseline 0 0"><span class='ocrx_word' id='word_1_113' title='bbox 1345 545 1386 578; x_wconf 84' lang='lat'>15</span> 
     </span>
    </p>
   </div>
   <div class='ocr_carea' id='block_1_10' title="bbox 1353 905 1395 938">
    <p class='ocr_par' dir='ltr' id='par_1_13' title="bbox 1353 905 1395 938">
     <span class='ocr_line' id='line_1_35' title="bbox 1353 905 1395 938; baseline 0 0"><span class='ocrx_word' id='word_1_114' title='bbox 1353 905 1395 938; x_wconf 79' lang='lat'>20</span> 
     </span>
    </p>
   </div>
   <div class='ocr_carea' id='block_1_11' title="bbox 1360 1260 1401 1294">
    <p class='ocr_par' dir='ltr' id='par_1_14' title="bbox 1360 1260 1401 1294">
     <span class='ocr_line' id='line_1_36' title="bbox 1360 1260 1401 1294; baseline -0.024 0"><span class='ocrx_word' id='word_1_115' title='bbox 1360 1260 1401 1294; x_wconf 78' lang='lat'>25</span> 
     </span>
    </p>
   </div>
   <div class='ocr_carea' id='block_1_12' title="bbox 1365 1588 1406 1621">
    <p class='ocr_par' dir='ltr' id='par_1_15' title="bbox 1365 1588 1406 1621">
     <span class='ocr_line' id='line_1_37' title="bbox 1365 1588 1406 1621; baseline -0.024 0"><span class='ocrx_word' id='word_1_116' title='bbox 1365 1588 1406 1621; x_wconf 84' lang='lat'>30</span> 
     </span>
    </p>
   </div>
   <div class='ocr_carea' id='block_1_13' title="bbox 1369 1950 1410 1983">
    <p class='ocr_par' dir='ltr' id='par_1_16' title="bbox 1369 1950 1410 1983">
     <span class='ocr_line' id='line_1_38' title="bbox 1369 1950 1410 1983; baseline -0.024 0"><span class='ocrx_word' id='word_1_117' title='bbox 1369 1950 1410 1983; x_wconf 78' lang='lat'>35</span> 
     </span>
    </p>
   </div>
   <div class='ocr_carea' id='block_1_14' title="bbox 1372 2290 1414 2323">
    <p class='ocr_par' dir='ltr' id='par_1_17' title="bbox 1372 2290 1414 2323">
     <span class='ocr_line' id='line_1_39' title="bbox 1372 2290 1414 2323; baseline 0 0"><span class='ocrx_word' id='word_1_118' title='bbox 1372 2290 1414 2323; x_wconf 81' lang='grc'>25</span> 
     </span>
    </p>
   </div>
  </div>
 </body>
</html>
