1643 2574
542 163 604 197 DE
626 162 968 197 ARITHMETICA.
1360 153 1410 191 25

201 275 304 316 Eius
336 274 547 316 triformes
577 273 687 314 trine
717 284 917 325 personas
949 274 1112 312 notans.
1369 280 1410 314 35

202 341 281 382 Est
312 341 430 383 cuius
462 370 969 381 .............

202 407 348 459 quue
378 410 421 448 et
448 405 516 446 hic
547 437 925 446 ..........

202 472 323 523 Quod
352 472 491 524 gignit
521 483 570 512 ex
603 501 942 511 .........

204 539 284 580 Ter
315 538 467 579 ductus
497 540 544 577 ut
574 549 601 576 n
633 566 973 577 .........

202 604 292 645 Hoc
322 603 449 644 tertio
479 614 624 654 preces
656 604 857 654 petuntur
888 601 1072 653 auspice,
1369 611 1410 644 40

204 669 483 722 Symphonias
513 671 601 709 tres
632 667 817 709 continet
847 678 929 707 uox
958 665 1127 706 musica.

202 735 380 776 Metitur
410 735 489 775 iste
518 734 610 775 iure
641 735 754 774 certo
786 737 989 783 tempora,

199 801 405 842 Praesens
435 800 625 840 futurum
655 803 822 850 tempus
853 800 983 849 atque
1013 796 1257 836 transitum.

203 867 376 907 Animae
406 866 524 918 ipsae
554 869 694 906 motus
726 863 879 905 diuidit
909 862 1132 903 ternarius.

203 932 416 973 Mundana
445 934 610 973 constat
641 934 683 972 et
713 930 789 971 sub
820 928 898 970 hoc
928 927 1143 980 perfectio,
1367 939 1410 973 45

203 998 351 1039 Monas
382 998 507 1039 datur
538 997 637 1037 dum
666 995 906 1037 fabricatori
939 994 1038 1043 Deo,

202 1063 306 1105 Dias
336 1064 408 1114 rei,
440 1075 523 1115 qua
551 1066 830 1114 procreantur
860 1060 1011 1109 omnia7

204 1129 410 1181 Triasque
440 1128 585 1169 formis
615 1131 750 1168 mater
780 1125 996 1168 idealibus.

258 1194 368 1236 Hinc
397 1195 556 1247 quadra
585 1192 762 1234 tetradis
794 1191 906 1233 subit
936 1190 1135 1243 perfectio

202 1261 492 1312 Punctumque
522 1263 564 1300 et
593 1260 723 1300 imum
752 1258 839 1298 lata
867 1257 994 1308 longa
1024 1256 1236 1308 colligens,
1368 1268 1410 1301 50

203 1326 382 1368 Decadis
412 1326 455 1367 in
484 1338 568 1377 qua
596 1324 645 1366 fit
675 1325 799 1365 simul
829 1323 1051 1375 completio

204 1392 363 1433 Iunctis
393 1391 601 1444 prioribus
633 1390 712 1432 sibi
742 1390 819 1431 sub
851 1389 1008 1430 ordine.

205 1457 273 1499 Sic
305 1470 328 1498 a
359 1457 499 1499 decem
527 1456 742 1509 perfectus
773 1456 806 1496 it
836 1454 1101 1505 centesimus,

205 1522 405 1565 Crescens
436 1523 592 1574 iugatis
624 1522 695 1574 qui
726 1525 926 1563 secuntur
955 1533 1047 1561 cum
1077 1520 1220 1561 decem

204 1588 402 1641 Adusque
432 1588 713 1640 quadraginta
743 1586 876 1639 plenis
907 1586 1112 1627 terminis.
1371 1597 1411 1629 55

206 1654 383 1696 Centum
413 1654 581 1695 ducenti
610 1666 704 1695 cum
733 1653 933 1693 trecentis
963 1655 1005 1692 et
1034 1655 1184 1704 quater

204 1720 340 1762 Ducta
370 1721 503 1762 coacti
532 1719 626 1771 lege
657 1719 889 1760 centenarii

205 1786 319 1827 Dant
348 1786 460 1827 mille
491 1786 551 1827 sic
581 1786 633 1826 ad
666 1797 798 1837 usque
830 1784 944 1825 mille
974 1783 1101 1824 milia.

208 1852 401 1893 Tetradis
432 1851 545 1892 ultra
576 1851 711 1903 surgit
741 1854 785 1890 at
813 1849 1045 1902 protensio:

208 1917 322 1958 Haec
351 1921 553 1969 quattuor
583 1917 755 1958 metitur
786 1916 885 1956 anni
914 1919 1103 1967 tempora
1370 1925 1411 1959 60

194 2070 232 2104 V.
256 2074 389 2103 36—39
422 2070 497 2112 fere
534 2070 602 2103 toti
635 2072 857 2103 evanuerunt
895 2068 1009 2110 cuius]
1035 2067 1138 2110 sequi
1172 2066 1314 2100 videtur
1349 2070 1412 2099 aut

100 2137 116 2159 s
145 2129 211 2159 aut
233 2126 256 2159 i.
292 2126 332 2159 37
358 2136 470 2169 eoque
503 2126 539 2158 et
570 2124 628 2158 hic
660 2125 699 2157 in
723 2134 815 2164 νεώ-,ς
839 2123 1003 2166 sequitur
1026 2135 1061 2167 p,
1085 2122 1125 2155 m?
1147 2122 1269 2164 fallor.
1304 2122 1346 2155 39
1370 2125 1411 2155 ut

100 2193 125 2214 n
142 2208 148 2214 .
167 2209 174 2216 .
192 2180 215 2224 .]
240 2191 286 2214 no
310 2180 363 2214 vel
387 2191 435 2213 na
459 2179 549 2212 mihi
572 2189 760 2222 aqnoscere
778 2178 909 2211 videor.
941 2178 985 2211 40
1001 2176 1158 2221 auspice]
1184 2187 1257 2210 mm
1283 2177 1412 2219 lemtim·

102 2235 175 2269 m'szf
203 2235 334 2278 auspic.
372 2235 414 2268 43
446 2236 590 2278 tempus
622 2235 732 2277 atque
764 2233 803 2266 in
834 2242 906 2266 ras.
942 2232 1094 2277 441&ae
1124 2241 1246 2274 supra.
1273 2231 1334 2264 lin.
1370 2231 1410 2263 51

99 2290 308 2334 completio]
339 2290 412 2332 fuit
443 2288 667 2333 complectio.
705 2290 746 2321 52
777 2287 922 2330 ordine]
955 2287 1118 2330 sequitur
1150 2296 1272 2320 versus
1299 2285 1410 2328 plane

102 2355 234 2379 erasus.
269 2346 310 2378 54
335 2344 509 2387 crescens]
536 2354 597 2378 ens
621 2343 659 2376 in
689 2353 759 2376 ms.
795 2344 837 2376 5¹4»
861 2341 914 2385 at]
940 2345 1014 2376 aut.
