1643 2574
525 184 704 219 VERSVS
728 184 978 220 ZMARACDI.
1357 180 1407 218 95

373 294 466 336 Sint
495 297 543 335 ut
573 294 655 347 ipsi
685 305 841 347 sponsa
870 293 1039 347 Christi,

316 360 408 403 Sint
436 360 578 411 amici,
610 360 694 401 sint
724 360 793 410 dii,

314 425 422 467 Cum
450 424 708 467 iocunditate
739 425 875 467 cordis
1368 440 1409 473 45

315 491 484 532 Possint
514 495 556 532 et
584 494 836 544 perpetuum

316 556 571 609 Nuptiarum
602 568 766 608 semper
796 560 942 609 aptum

318 622 537 664 Possidere
567 621 781 674 gaudium,

371 709 602 759 Gaudium,
634 708 743 761 quod
773 721 894 751 nemo
925 709 1094 762 plenum

316 775 457 816 Tollat
487 787 511 816 a
540 774 746 826 fidelibus,
1360 787 1406 821 50

319 840 402 882 Sed
432 852 609 893 perenne
640 853 734 882 cum
763 840 897 883 beatis

318 907 597 948 Possidebunt
626 906 798 959 angelis,

318 972 378 1015 Ut
408 973 463 1014 sit
493 985 542 1014 ex
571 975 751 1025 utroque
782 985 943 1025 semper

316 1038 413 1080 Una
443 1038 734 1080 Hierosolima.

372 1126 453 1167 Illa
483 1126 640 1168 scilicet
670 1138 848 1179 superna
1371 1141 1412 1174 55

317 1191 598 1243 Hierusalem,
627 1193 811 1233 omnium

317 1256 456 1298 Mater
487 1257 726 1308 electorum,
763 1269 879 1299 sacro

318 1322 450 1364 Plena
480 1323 608 1375 prolis
638 1324 805 1375 agmine

319 1388 377 1429 Et
406 1389 626 1430 beatorum
656 1399 825 1431 caterua

319 1454 475 1507 Saepta
506 1466 667 1508 semper
697 1456 933 1507 uirginum3
1374 1467 1416 1501 60

376 1542 503 1584 Cuius
534 1543 575 1583 in
605 1542 747 1594 platea
776 1554 938 1596 semper

318 1607 508 1649 Dulciter
537 1608 764 1650 melodians

319 1674 533 1727 Hymnum
565 1675 668 1716 (licit
698 1675 943 1728 angelorum

319 1739 485 1782 Pacifer
515 1740 748 1791 concordia,

320 1805 534 1859 Hymnum
564 1818 728 1859 semper
758 1810 800 1847 et
830 1807 957 1848 beata
1374 1818 1415 1852 65

320 1871 462 1913 Turba
491 1871 672 1913 fratrum
702 1876 915 1925 personat.

377 1959 532 2001 Coetus
563 1961 697 2001 omnis
728 1960 973 2013 angelorum

321 2025 378 2066 Et
409 2025 654 2067 thronorum
684 2025 799 2066 milia

321 2091 475 2144 Magno
505 2103 598 2132 011111
627 2091 839 2144 triumpho
869 2091 980 2144 patri

321 2157 504 2199 Alleluia
535 2157 728 2208 concinit,
1375 2168 1415 2202 70

322 2222 435 2264 Dicit
465 2222 649 2264 Alleluia
680 2226 795 2274 nam,

322 2287 438 2329 Dicit
468 2292 510 2329 et
539 2287 762 2340 paracleto.

192 2386 233 2420 V.
266 2387 304 2419 51
331 2386 526 2430 perhenne.
573 2387 615 2420 60
639 2387 751 2431 septa.
799 2386 840 2420 69
873 2397 955 2420 cum
980 2386 1119 2420 addidi.
1166 2388 1205 2421 71
1231 2386 1320 2421 dicit
1347 2387 1413 2420 att.

105 2441 147 2474 72
172 2440 358 2485 paraclito.
