1643 2574
232 174 282 213 70
621 173 839 210 OARMINA
862 170 999 206 MEDII
1023 169 1147 205 AEVI.

590 286 860 337 Quocumque
889 281 1043 335 pergis,
1073 279 1262 332 uirgines

233 367 275 401 10
533 351 739 394 Secuntur
768 352 893 402 atque
921 346 1118 389 laudibus

536 419 640 460 Post
668 420 710 458 te
739 419 933 458 canentes
958 414 1164 455 cursitant

538 484 809 539 Hymnosque
837 480 976 522 dulces
1006 479 1239 532 personant.

591 571 650 612 Te
680 602 688 610 .
719 603 728 612 .
761 602 769 610 .
801 602 808 610 .
839 578 1057 621 precamur
1084 564 1262 617 largius,

539 637 706 679 Nostris
736 635 898 686 adauge
927 631 1134 674 mentibus

241 716 282 750 15
540 702 711 744 Nescire
740 711 914 753 prorsus
945 697 1080 739 omnia

542 766 833 819 Corruptionis
864 763 1051 805 uulnera.

833 1015 960 1058 XLV.

578 1139 682 1191 Tibi,
716 1137 893 1187 Christe,
924 1133 1118 1188 splendor
1146 1131 1293 1184 patris,

522 1205 633 1257 Vita,
666 1205 801 1245 uirtus
833 1202 1031 1252 cordium,

524 1272 573 1314 In
603 1273 827 1323 conspectu
858 1267 1102 1320 angelorum

524 1337 660 1387 Votis,
690 1347 792 1377 uoce
820 1333 1052 1387 psallimus,

275 1419 293 1451 5
526 1403 790 1444 Alternatum
822 1397 1106 1450 concrepando

526 1469 658 1510 Melos
689 1467 835 1508 damus
864 1464 1048 1506 uocibus.

585 1553 882 1597 Collaudanius
912 1553 1162 1593 uenerantes

529 1621 685 1663 Omnes
716 1619 819 1660 caeli
849 1617 1019 1666 milites,

532 1687 611 1730 Sed
641 1685 861 1739 praecipue
890 1679 1137 1735 priinat[us]

259 1766 299 1800 10
535 1751 737 1794 Caelestis
768 1749 992 1797 exercitus,

534 1817 781 1860 Michaelem
811 1816 852 1857 in
883 1814 1043 1855 uirtute

535 1884 832 1927 Conterentem
862 1879 1059 1921 Zabulon.

590 1971 682 2022 Quo
712 1968 884 2011 custode
912 1964 1056 2020 procul
1087 1963 1262 2017 pellens,

536 2039 625 2079 Rex
655 2035 822 2079 Christe
852 2032 1052 2087 piissime,

265 2116 305 2151 15
538 2104 669 2145 Omne
698 2100 815 2143 nefas
845 2097 1000 2140 inimici

355 2237 396 2272 V.
430 2237 450 2269 9
484 2235 556 2277 fuit
593 2235 847 2277 quotcumque.
896 2229 934 2263 ll
971 2228 1085 2272 poste.
1134 2225 1176 2258 12
1210 2231 1410 2267 ymnosque
1452 2218 1578 2253 dulcis.

270 2293 309 2326 13
333 2292 382 2325 Te
407 2300 631 2335 praecamur.

359 2355 460 2390 XLV.
489 2354 572 2388 Cod.
598 2353 706 2386 Rern.
732 2355 795 2384 455
820 2360 846 2384 s.
873 2349 913 2382 X
934 2349 959 2390 γ’.
986 2350 1050 2379 12⁸
1072 2346 1113 2379 in
1135 2353 1246 2387 marq.
1273 2351 1383 2375 manu.
1408 2339 1462 2373 ΙΙ.
