1643 2574
376 180 553 218 VERSVS
577 175 854 214 FORTVNATI
878 173 940 208 DE
966 170 1129 207 CRVCE.
1353 158 1403 197 81

481 290 611 343 Vagit
641 288 778 329 infans
808 286 919 327 inter
949 285 1042 324 arta
1365 287 1408 321 25

427 358 629 401 Conditus
659 352 916 407 praesaepia,

424 423 614 465 Membra
643 419 792 473 pannis
823 417 1017 458 inuoluta

427 490 557 542 Virgo
587 489 721 528 mater
750 483 909 536 alligat,

429 556 485 597 Et
513 554 639 607 pedes
669 560 910 601 manusque,
943 558 1065 588 crura

427 622 545 663 Picta
575 617 745 670 stringit
775 614 918 656 fascia.
1372 618 1414 651 30

485 708 643 749 Lustra
674 716 744 745 sex
775 703 848 755 qui
876 702 959 742 iam
989 700 1169 751 peracta,

433 775 616 826 Tempus
648 770 825 823 implens
856 765 1042 818 corporis

433 840 485 882 Se
516 838 683 880 uolente
713 838 839 876 natus
868 832 920 874 ad
951 831 1027 872 hoc

442 904 634 947 Passioni
663 901 830 943 deditus

434 973 578 1024 Agnus
608 970 649 1010 in
681 978 803 1009 cruce
837 965 1016 1014 leuatur,
1380 968 1422 1001 35

437 1035 724 1079 Immolandus
756 1032 913 1084 stipite.

494 1125 571 1166 Hic
603 1126 719 1165 aceto
748 1120 819 1173 fel,
847 1117 1039 1160 harundo

439 1192 573 1245 sputa
603 1189 711 1230 claui
740 1187 884 1227 lancea

438 1258 541 1298 Mite
571 1266 722 1307 corpus
752 1250 1003 1305 perforatur,

440 1322 622 1374 Sanguis
652 1319 763 1361 unda
792 1315 976 1370 profluit,
1384 1318 1427 1350 40

441 1389 582 1438 Terra,
613 1389 781 1439 pontus,
814 1385 942 1431 astra,
974 1378 1157 1420 mundus

444 1456 534 1506 Quo
563 1454 761 1494 lauantur
791 1448 973 1491 flumine.

500 1535 613 1578 Crux
642 1533 792 1582 fidelis,
824 1532 934 1572 inter
965 1537 1108 1569 omnes

447 1602 582 1643 Arbor
612 1612 694 1641 una
724 1597 888 1647 nobilis,

443 1667 570 1710 Nulla
601 1666 708 1707 silua
739 1664 870 1705 talem
900 1659 1063 1714 profert
1390 1663 1432 1695 45

445 1735 582 1784 Flore,
613 1731 768 1781 fronde,
800 1727 1011 1781 germine3

446 1800 580 1841 Dulce
609 1799 783 1850 lignum,
814 1794 977 1835 dulcem
1008 1790 1187 1832 clauum.

448 1866 578 1907 Dulce
607 1863 773 1916 pondus
805 1859 1027 1902 sustinens.

503 1947 648 1988 Flecte
677 1955 829 1988 ramos„
863 1941 986 1981 arbor
1018 1938 1116 1988 alta,

451 2013 588 2054 Tensa
617 2012 712 2052 laxa
742 2009 918 2055 uiscera,
1393 2007 1433 2040 50

450 2079 507 2121 Et
535 2079 649 2130 rigor
678 2076 885 2117 lentescat
914 2071 996 2120 ille,

454 2145 587 2194 Quem
616 2142 732 2183 dedit
762 2138 978 2185 natiuitas,

452 2210 512 2252 Ut
543 2206 713 2260 superni
744 2203 928 2246 membra
956 2200 1071 2252 regis

0 2305 1 2328 l
455 2276 557 2316 Mite
588 2272 737 2314 tendas
769 2269 926 2321 stipite.

216 2366 256 2400 V.
281 2366 323 2400 26
346 2364 546 2409 praesepia.
570 2362 612 2395 30
636 2359 765 2393 stricta
789 2356 920 2401 pingit.
950 2354 989 2387 37
1016 2364 1037 2386 a
1062 2353 1174 2387 coeto.
1214 2350 1255 2383 54
1280 2348 1398 2381 mitte.

264 2431 375 2456 HAGEN
401 2431 537 2452 CARMINA
562 2429 643 2449 MEDH
670 2427 747 2447 AEVI.
1290 2404 1310 2436 G
