1643 2574
360 177 422 211 DE
445 167 842 211 CONSTRVCTIONE
868 163 1028 201 DOMVS
1051 161 1143 197 DEI.
1355 151 1403 189 21

375 283 524 328 Valido
555 282 628 333 uig
658 307 954 321 ........

373 350 545 404 Lapidis
576 347 658 389 seri
689 374 943 386 .......

373 416 534 459 Bifores
565 412 642 454 sub
671 412 713 452 in
744 438 998 452 .......
1369 408 1411 441 65

375 479 650 535 Aquilonibus
680 476 887 526 Notisque

376 547 604 598 Roseisque
634 545 749 585 stant
778 538 1009 593 quadrigis.

377 614 442 656 Ibi
471 611 667 665 porticus,
699 608 917 655 fenestrae,

378 678 570 721 Thalami
599 675 840 729 gradusque
869 670 1046 724 palmae.

380 745 547 787 Atrium
576 744 718 783 manet
746 737 856 791 quod
885 736 1016 785 intus,
1375 737 1416 771 70

381 811 518 854 Simili
547 809 712 857 decore⁷
743 805 892 846 ualuas

383 878 563 929 Snperat
593 872 728 925 gradu
758 871 929 923 priores.

385 944 451 986 Ibi
480 941 556 984 sub
587 939 746 980 honore
777 945 946 977 mensae

384 1009 658 1054 Statuuntur,
688 1007 735 1044 ut
765 1000 889 1054 piacli

386 1075 501 1117 Mala
530 1070 726 1113 uictimae
755 1065 968 1119 repellant.
1380 1066 1421 1099 75

389 1140 540 1182 Cubito
570 1135 750 1178 altitudo
780 1142 949 1173 mensae

390 1206 532 1247 Labiis
560 1205 677 1256 patet
707 1198 883 1240 reflexis.

390 1272 454 1313 Ibi
482 1268 663 1311 latitudo
692 1268 812 1307 tanta

391 1338 520 1385 Data,
550 1331 766 1386 longitudo
797 1331 968 1381 quanta.

394 1402 477 1445 Ubi
505 1412 609 1441 uasa
639 1398 900 1444 consecrata,
1387 1392 1430 1427 80

392 1469 590 1516 Paterae,
621 1463 753 1513 urcei,
786 1460 985 1508 canistra,

394 1533 572 1582 Calices,
604 1528 769 1582 scyphi,
799 1524 940 1579 cyathi

396 1600 532 1651 Super
561 1596 807 1638 ordinantur
836 1591 938 1641 aris,

400 1664 480 1707 Sed
509 1667 551 1704 et
579 1665 704 1714 aptae
735 1658 787 1699 ad
815 1657 940 1698 hasce
971 1664 1114 1696 carnes

398 1731 454 1772 Et
482 1731 524 1771 in
554 1728 662 1769 atrio
692 1726 788 1775 hoc⁷
819 1721 929 1775 quod
958 1721 1071 1761 intus
1393 1722 1434 1755 85

399 1797 543 1846 Latet,
575 1794 642 1835 hic
672 1803 769 1845 opes
798 1789 1019 1831 habentur.

402 1861 667 1912 Citharisque
698 1856 951 1906 uocibusque

400 1928 518 1970 Bona
545 1926 674 1978 Regis
705 1922 948 1965 efferentum

224 2085 262 2119 V.
287 2086 416 2118 63—-65
446 2090 562 2125 paene
586 2079 653 2112 toti
687 2088 709 2110 α
751 2075 857 2109 tineis
891 2071 945 2106 vel
977 2067 1173 2113 putredine
1203 2059 1438 2108 pessumdati.

129 2144 175 2178 65
193 2143 278 2185 post
301 2139 366 2173 sub
390 2138 430 2171 in
453 2135 596 2170 videtur
620 2144 638 2167 c
662 2133 783 2166 littera,
806 2124 1013 2169 subinferri.
1038 2123 1080 2157 66
1097 2117 1291 2163 Notisque]
1316 2115 1370 2149 m'l
1396 2114 1440 2147 Ie—

134 2197 233 2241 9itur
263 2194 336 2228 nisi
358 2194 422 2226 not
445 2194 478 2224 et
502 2202 524 2233 q
550 2189 689 2222 litterae
720 2195 806 2228 pars
830 2181 990 2224 inferior.
1026 2178 1068 2212 73
1091 2176 1163 2219 fuit
1187 2182 1367 2208 remensae.
1399 2170 1439 2202 77

133 2252 238 2296 patet
267 2250 306 2284 in
336 2258 407 2282 ras.
441 2247 481 2280 81
515 2243 627 2286 urcei]
659 2241 731 2284 fuit
763 2249 888 2273 urceus
934 2232 1109 2275 canistra]
1140 2242 1162 2265 a
1188 2231 1283 2273 post.
1307 2227 1347 2260 in
1370 2233 1440 2258 ras.

133 2307 177 2341 82
194 2303 337 2347 calices]
363 2302 472 2336 alices
488 2301 526 2333 m
542 2308 612 2332 ras.
638 2295 781 2340 sciphus
804 2302 893 2327 corr.
911 2288 1025 2334 sciphi
1061 2284 1195 2326 caathi,
1212 2293 1301 2318 corr.
1319 2278 1442 2315 ciathi.

134 2361 179 2394 84
203 2359 303 2393 sedet
347 2358 456 2391 Iuasce.
479 2356 520 2389 87
546 2351 790 2397 cytharisque.
