1643 2574
182 172 258 210 100
573 178 791 213 CARMINA
815 178 951 212 MEDII
976 178 1084 212 AEV]
1092 204 1099 212 .

563 288 743 340 Nuptias
774 288 964 330 Christus
993 288 1176 340 parauit,

508 354 572 395 Ad
602 366 705 407 quas
734 366 874 395 omnes
904 353 1125 395 inuitauit:

509 419 623 472 Ergo
654 431 728 461 uos
760 423 905 460 tantae
935 422 1124 461 exsortes

507 486 637 527 Eritis
668 485 892 528 felicitatis.

181 566 222 598 45
564 552 727 593 Abicite
756 564 865 592 uana
895 551 1020 604 loqui.

568 650 698 692 Eritis
730 651 888 703 utique,
920 654 1041 691 ueste

512 717 554 758 Si
584 717 737 757 caretis
767 716 961 769 nuptiali,

511 782 736 835 Ligatique
766 782 807 822 in
838 781 1033 823 tenebras

512 849 691 890 Proiecti
722 848 964 890 exteriores.

185 929 226 961 5⁴»
567 914 729 956 Abicite
758 926 870 955 uana
899 913 1026 966 loqui.

567 1014 649 1056 Ubi
679 1018 741 1055 cst
772 1013 894 1054 fietus
925 1025 973 1054 ac
1004 1012 1158 1053 stridor

512 1080 710 1121 Dentium
740 1083 782 1120 et
812 1083 960 1120 uastus
991 1078 1151 1128 horror,

515 1146 658 1187 Timor
687 1149 728 1186 et
758 1150 914 1186 tremor
945 1148 1144 1185 aeternus

517 1212 572 1254 Et
601 1212 794 1264 perennis
824 1212 1043 1253 cruciatus.

189 1292 229 1325 55
574 1278 737 1320 Abicite
767 1289 877 1318 uana
907 1277 1034 1329 loqui.

572 1378 635 1419 Ibi
667 1381 765 1418 sunt
794 1376 914 1429 hydri
947 1376 1161 1417 mordaces

516 1444 572 1486 Et
602 1444 792 1485 flammae
822 1443 944 1483 nimis
977 1442 1141 1491 edaces,

516 1511 580 1551 Ibi
610 1510 778 1551 horrida
809 1520 964 1561 uorago

517 1576 572 1617 Et
601 1576 843 1617 taeterrima
874 1574 1026 1626 caligO.

191 1658 232 1687 6⁴·
573 1642 737 1682 Abicite
768 1652 877 1681 uana
908 1640 1037 1692 loqui.

574 1741 687 1783 Haec
717 1745 813 1782 sunt
843 1741 953 1781 dona
983 1738 1139 1780 inimici

522 1807 576 1848 Et
605 1820 686 1848 non
717 1811 814 1848 sunt
844 1806 927 1847 alia
958 1805 1104 1854 uestri,

520 1874 634 1915 Haec
664 1873 750 1915 suis
780 1884 944 1924 semper
976 1871 1156 1923 largitur

522 1939 712 1982 Crudelis
741 1943 784 1981 et
813 1941 1070 1979 muneratur.

196 2019 237 2051 65
579 2006 741 2048 Abicite
771 2018 880 2046 uana
909 2004 1035 2056 loqui.

579 2105 758 2147 Auferat
787 2104 888 2146 deus
919 2118 943 2146 a
974 2104 1092 2145 uobis

526 2171 581 2212 Et
611 2184 634 2212 a
666 2171 817 2213 uestris
847 2169 1078 2220 animabus,

288 2302 329 2337 V.
353 2303 396 2336 40
419 2302 528 2345 uana]
554 2294 612 2336 uzi.
657 2303 700 2336 43
724 2303 827 2336 tante
851 2303 1001 2336 exortes.
1050 2301 1091 2334 52
1116 2310 1223 2334 orror.
1259 2300 1297 2333 51
1323 2298 1506 2343 pei-annis,

200 2368 290 2392 corr.
337 2358 379 2392 56
402 2357 471 2391 idri
517 2357 672 2391 flamme.
719 2358 759 2390 57
785 2357 930 2391 (edaces.
979 2356 1020 2389 59
1044 2355 1234 2390 teterrima
