1643 2574
214 166 290 205 108
606 165 827 202 CARMINA
849 163 986 198 MEDH
1010 161 1135 197 AEVI.

597 278 684 319 Deo
716 275 826 328 quod
854 277 970 315 ortus
1001 273 1057 314 sit
1088 271 1188 312 deus

543 343 650 386 Caro
678 342 787 383 idem
821 343 863 381 et
893 339 1003 381 alma
1036 337 1199 389 uirgine

547 409 723 451 Creator
753 410 880 458 atque
910 404 1114 453 conditor,

217 492 259 526 20
547 475 673 517 Sacer
703 472 915 515 Johannes
946 470 1113 511 indicat.

599 561 724 602 Fides
755 559 832 600 1100
862 558 1003 599 hausit
1032 555 1214 597 omnium

551 628 769 679 Tenetque
798 625 932 666 lucem
963 622 1153 676 gentium

553 694 678 735 Vices
709 703 783 733 nee
813 690 920 731 ullas
952 688 1105 741 accipit

555 760 630 801 Eis
659 759 743 800 diei
774 757 925 809 gratia.

223 864 265 898 25
608 847 772 888 Minora
803 850 888 886 tres
919 855 1013 884 eum
1044 840 1201 883 caeteri

558 912 739 956 Colenda
769 910 841 952 sed
870 908 1156 962 pronuntient,

555 979 658 1021 Auis
688 978 754 1019 1110
786 977 919 1017 instar
950 973 1123 1015 euolans

556 1045 749 1086 Moratur
780 1043 820 1083 in
851 1039 1090 1082 maioribus.

613 1132 811 1184 Stuperet
841 1128 956 1170 istud
988 1126 1208 1179 quispiam,

230 1214 270 1248 30
559 1198 678 1249 Quod
709 1209 799 1238 esso
829 1193 1185 1248 perscrutantium

560 1265 675 1307 Solet
706 1263 821 1312 deus,
852 1261 894 1302 ni
925 1261 966 1301 in
995 1262 1162 1312 pectore

562 1332 758 1372 Parasset.
788 1327 855 1369 ille
885 1325 1098 1367 lectulum.

617 1418 675 1460 Ut
706 1416 807 1457 haee
837 1414 999 1456 ualeret
1031 1411 1213 1453 scribere

564 1484 744 1525 Perenni
774 1481 877 1522 hora
908 1478 1087 1527 saeculo,

235 1567 275 1599 35
563 1550 714 1600 Quiete
744 1547 879 1596 discit,
911 1544 1046 1585 rarior

567 1615 756 1656 Meretur
788 1624 878 1653 eam
910 1610 1097 1651 castitas.

618 1700 837 1744 verendus
869 1702 1087 1739 aeternum
1116 1693 1234 1735 bonis

567 1768 682 1811 Citra
713 1777 900 1808 cruorem
929 1762 1114 1805 creditur

569 1834 779 1877 Cacumen
810 1831 941 1872 altum
972 1832 1207 1880 martyrum

241 1916 283 1949 40
571 1901 742 1952 Cepisse
772 1897 928 1939 sanctis
960 1893 1155 1936 moribus.

625 1988 849 2028 Precamur
879 1983 995 2024 illum
1028 1979 1248 2033 supplices,

572 2053 674 2094 Eius
706 2056 854 2105 potens
884 2050 1031 2098 oratio,

574 2119 705 2160 Nobis
738 2121 781 2158 ut
813 2115 929 2164 assit,
963 2112 1145 2155 seruulis

574 2184 690 2234 Tuis,
722 2186 885 2224 creator
914 2179 1109 2221 omnium.

338 2352 376 2385 V.
403 2351 442 2384 19
467 2348 645 2384 conditus.
694 2348 735 2380 :34
760 2357 831 2379 ora.
880 2345 918 2378 -11
948 2336 1106 2386 ἷκε-«1111111.
