1643 2574
238 159 288 197 96
631 163 849 199 CARMINA
874 163 1011 198 MEDII
1032 164 1161 199 AEVI.

509 273 710 316 Omnibus
738 274 902 325 diebus,
931 274 1045 316 horis

456 340 510 381 Et
539 340 759 382 momentis
790 340 981 392 singulis,

236 418 276 451 75
455 406 668 447 Mensibus
698 406 859 447 cunctis
891 409 933 447 et
962 406 1082 447 annis

455 470 743 523 Omnibusque
774 470 950 513 saeculis

454 537 594 578 Turba
624 536 801 578 fratrum
832 537 934 578 dicit
962 537 1163 589 hymnum

456 603 642 656 Mysticis
672 604 714 643 in
743 603 931 644 uocibus.

835 810 945 852 LVI.

721 898 849 952 ITEM
884 897 1059 952 ALWB.

288 998 369 1048 Qui
389 998 505 1050 cupis
525 1009 614 1039 esse
634 997 785 1047 bonus,
818 997 888 1049 qui
912 996 1080 1049 quaeris
1104 997 1235 1037 uitam
1257 996 1489 1047 honestam,

344 1063 484 1116 Dilige
513 1063 767 1105 munditiam
797 1063 984 1115 eorporis
1014 1073 1145 1114 asque
1177 1061 1352 1103 animae.

287 1130 443 1171 Munda
473 1130 620 1171 domus
650 1129 793 1169 mundi
825 1118 1035 1169 dominum
1067 1128 1252 1169 retinere
1281 1126 1465 1178 ualebit3

340 1195 447 1237 Nam
477 1194 553 1236 tali
583 1206 745 1247 semper
776 1193 938 1246 hospite
969 1204 1114 1246 sospes
1144 1193 1235 1234 erit.

255 1261 484 1305 5Cernitur
515 1260 788 1312 Omnipotens
819 1272 843 1300 a
874 1259 1028 1300 mundo
1059 1259 1184 1300 corde
1214 1258 1354 1300 beati:

344 1326 525 1368 Cernere
556 1325 758 1367 sordiduli
789 1337 869 1367 non
900 1336 1088 1376 meruere
1118 1324 1253 1365 deum.

287 1393 516 1434 Luxuriam
548 1392 700 1445 fugito,
732 1392 764 1433 si
797 1392 862 1433 uis
893 1391 1169 1432 conscendere
1199 1389 1383 1441 caelum3

340 1458 446 1499 Nam
478 1459 584 1510 petit
613 1457 775 1498 inferna
806 1457 1049 1498 luxuriosus
1079 1455 1214 1497 homo.

287 1524 474 1565 Luxuria
506 1536 697 1576 proceres
728 1523 882 1564 multos
913 1523 1089 1563 detratit
1118 1521 1169 1562 ad
1197 1521 1325 1573 ignes,

235 1601 272 1633 lo
344 1590 423 1631 Pro
456 1591 592 1631 dolor!
623 1593 665 1630 et
694 1589 884 1630 minimos
915 1600 1075 1640 semper
1106 1587 1158 1627 ad
1188 1587 1270 1627 ima
1300 1585 1444 1627 trahit.

288 1656 473 1697 Luxuria
503 1667 674 1708 prorsus
704 1666 848 1696 sensus
879 1654 1101 1694 detruncat
1132 1663 1318 1703 acumen,

342 1722 477 1763 Inficit
507 1725 548 1762 et
577 1724 778 1770 mentem,
810 1719 971 1760 sauciat
1001 1723 1126 1770 atque
1156 1721 1321 1770 grauat.

287 1787 467 1828 Diuitias
499 1787 626 1828 animi
656 1785 817 1838 pariter
847 1785 1023 1833 detexit,
1053 1788 1100 1824 ut
1130 1796 1293 1833 aurum,

341 1853 531 1894 Eneruat
560 1853 690 1902 uires⁷
721 1851 910 1893 sordidat
939 1855 1065 1903 atque
1096 1850 1259 1902 premit.

236 1919 456 1970 15Semper
487 1922 599 1960 amat
629 1918 800 1959 miseros
832 1917 960 1969 piceis
990 1917 1224 1967 inmergere
1254 1914 1442 1963 flammis,

344 1984 513 2036 Semper
545 1988 657 2026 amat
687 1984 816 2025 socios
847 1982 1025 2024 subdere
1055 1981 1338 2023 daemonibus.

320 2124 360 2158 V.
388 2125 428 2158 78
453 2125 615 2158 misticis.

323 2179 409 2214 LVI.
437 2179 519 2213 Coa.
545 2179 654 2213 Rern.
679 2182 743 2211 455
774 2190 800 2212 s.
835 2178 873 2211 X
901 2179 926 2221 f.
951 2181 1027 2211 2121.
1064 2177 1111 2210 In
1148 2176 1270 2210 titulo:
1310 2175 1468 2215 ALIVM,
1503 2178 1543 2208 ut
1578 2225 1581 2227 -

233 2236 305 2277 fere
329 2245 474 2277 semper.
503 2234 627 2268 Primo
651 2234 802 2268 disticho
828 2244 975 2267 ‘neumae
1000 2232 1146 2266 additae
1171 2234 1264 2265 sunt.

323 2289 364 2323 V.
388 2290 408 2322 ⁴2
432 2288 564 2323 anime.
605 2291 623 2321 Γ)
648 2289 777 2323 beatis.
818 2290 855 2322 15
880 2289 998 2333 piceas
1021 2296 1183 2331 mergere
1208 2285 1378 2320 flammas,
1421 2285 1459 2318 lb'
1484 2284 1542 2318 de—

234 2344 412 2378 monibus.
