1643 2574
474 182 535 216 DE
560 180 774 215 LITTERIS
798 178 1028 214 MYSTIOIS.
1329 167 1406 206 203

94 294 264 337 Cunctis
299 294 355 334 sis
385 292 496 334 horis
526 291 707 332 hominis
737 301 893 331 memor
922 288 1148 338 interioris⁷

94 359 334 402 Grandibus
365 360 557 399 assuetus
588 359 630 397 et
659 355 802 397 forsan
833 355 1012 396 01111111110
1041 354 1192 394 laetus.

93 425 150 467 Vt
180 425 246 466 uir
276 424 480 465 discretus
510 422 631 474 uulgi
662 420 906 473 subterfuge
937 422 1079 461 coetus

94 491 238 543 Teque
266 501 423 531 memor
453 489 528 530 leti
558 487 628 529 uel
658 487 709 528 ad
742 487 888 528 horam
919 485 1038 527 trade
1068 484 1214 536 quieti.
1371 492 1409 525 10

94 556 171 597 Vir
200 556 321 606 bone,
353 555 453 607 quid
484 565 606 595 curas
638 564 705 594 res
736 553 861 603 uiles,
891 563 958 592 res
988 550 1210 602 perituras,

94 622 165 664 Nil
193 621 464 674 profecturas,
495 619 647 661 damno
676 618 924 670 quandoque
955 615 1150 657 futuras?

94 687 226 729 Nemo
257 687 328 728 diu
358 686 511 727 mansit
540 685 582 726 in
613 684 816 733 eulmine,
848 683 920 724 sed
950 683 1031 723 cito
1062 680 1230 722 transit.

94 754 174 795 Est
202 753 343 794 breuis
373 754 500 803 atque
530 750 635 791 leuis
667 750 708 790 in
739 748 894 789 mundo
925 747 1057 800 gloria
1089 744 1286 798 quaeuis:

95 820 177 870 Qui
205 818 284 860 fuit
314 818 381 860 1110
410 819 537 867 imus,
570 815 655 857 11110
685 815 765 856 erit
795 814 938 855 ordine
969 814 1138 865 primus.
1369 820 1408 853 15

46 908 52 911 ·
96 885 206 936 Quid
234 885 339 926 111011
369 882 538 934 referet,
572 882 643 934 qui
674 880 825 922 mundo
856 883 970 921 totus
1001 878 1220 920 inhaeret?

662 1210 849 1252 CXXIX.

224 1314 256 1365 r
479 1322 510 1363 0
733 1320 765 1362 Τ
988 1319 1024 1360 Α
1247 1331 1277 1356 ω

97 1427 186 1469 Has
216 1427 381 1480 apicum
412 1427 573 1480 typicas
603 1425 818 1466 infirmant
846 1436 936 1465 esse
965 1423 1120 1476 figuras

97 1493 315 1534 Rimantes
345 1493 432 1534 aeie
462 1492 612 1533 mentis
643 1495 806 1532 secreta
836 1490 1018 1542 sophiae.

99 1559 221 1601 Secta
250 1559 470 1611 bipertito,
504 1570 611 1610 quae
641 1569 806 1598 sursum
836 1567 991 1597 cornua
1021 1554 1144 1604 tollit,

97 1626 262 1667 Dicitur
290 1625 498 1665 luunanae
528 1623 704 1676 5110010111
735 1621 982 1675 portendere
1013 1620 1139 1661 uitae.

97 1691 276 1733 Inferior
304 1702 446 1732 ramus
475 1690 659 1742 pueriles
689 1688 848 1729 indicat
877 1699 989 1728 usus.
1392 1694 1411 1727 5

99 1757 342 1799 Theorieam
380 1757 514 1797 uitam
543 1768 616 1808 per
646 1759 809 1808 partein
839 1753 1007 1804 concipe
1037 1752 1247 1801 dextram,

99 1822 294 1865 Creditur
324 1822 463 1863 aetiua
493 1821 648 1873 signari
679 1823 799 1872 parte
829 1820 1015 1860 sinistra.

97 1888 145 1929 In
172 1888 335 1929 binium
365 1887 501 1940 pietus
531 1887 667 1928 medio
698 1886 934 1927 discrimine
964 1887 1143 1937 punctus

98 1954 241 1995 Aurea
270 1959 498 2006 perpetuae
528 1952 720 2004 designat
750 1951 937 2003 praemia
967 1951 1082 1991 uitae

98 2019 290 2061 Infausta
319 2019 437 2077 theta
466 2030 575 2059 mors
606 2018 849 2069 designatur
880 2028 1022 2057 amara
1374 2025 1411 2058 io

99 2085 222 2127 Unde
252 2085 370 2137 quasi
401 2085 485 2126 telo
515 2084 695 2136 quodam
726 2086 973 2134 penetratur
1004 2084 1140 2123 acuto.

186 2199 228 2232 V.
254 2200 273 2232 8
297 2198 401 2232 letus.
448 2199 467 2232 9
493 2199 602 2232 cetus.
651 2198 690 2230 12
717 2197 883 2241 dampno.
933 2197 973 2230 16
996 2196 1147 2230 inheret.

187 2253 344 2287 CXXIX.
372 2252 455 2287 Cocl.
481 2252 590 2285 Rern.
616 2255 679 2284 704
704 2262 731 2285 3.
757 2251 846 2284 XII
865 2252 890 2293 f.
914 2254 983 2284 292.

186 2308 228 2342 V.
253 2309 273 2342 2
304 2308 439 2352 sophie.
485 2309 505 2341 :3
538 2318 617 2350 que.
664 2307 683 2340 4
714 2307 873 2341 humane
919 2306 1006 2341 uite.
1053 2307 1072 2340 9
1103 2307 1273 2350 perpetue
1322 2305 1408 2339 uite.

100 2364 140 2397 lo
164 2364 250 2397 teta.
