1643 2574
547 190 609 224 DE
633 186 973 223 ARITHMETICA.
1363 175 1413 215 29

209 304 372 345 Natura
401 303 443 344 di
473 330 974 343 .............

209 370 428 412 Hominem
458 379 533 420 per
564 396 943 407 ..........
1352 371 1414 404 140

207 436 366 478 Mensis
397 435 559 474 meatus
591 462 928 472 .........

210 501 347 554 Caput
379 499 491 551 gerit
521 501 585 538 tot
615 509 659 537 ce
692 527 904 536 ......

211 567 278 609 Sic
307 565 498 619 paruulis
528 564 570 604 in
600 575 695 603 men
728 595 735 602 .
770 595 776 602 .
811 594 817 601 .
853 595 859 601 .
890 566 932 602 te
965 594 971 600 .
1007 592 1015 600 .
1047 592 1054 600 .

211 633 399 685 Surgunt
429 635 471 672 et
498 629 543 670 hi
571 632 791 669 mutantur
822 626 921 667 orbe
952 626 1143 677 septimo.

211 697 403 740 Secunda,
433 695 671 748 septimana
701 697 792 734 tum
821 692 973 744 pubem
1002 693 1156 741 mouet,
1353 697 1416 732 145

208 764 376 806 Florem
407 773 608 814 genarum
637 762 826 812 praestat
856 757 954 798 inde
984 756 1122 806 tertia⁷

210 831 452 883 Augmenta
480 830 752 878 staturaeque
783 827 934 877 quarta
963 822 1175 871 terminat,

211 896 369 946 Quinta
398 893 631 936 iuuentutis
662 892 789 932 micat
817 888 1033 942 perfectio.

209 963 376 1004 Natura
406 963 568 1012 septem
598 956 787 998 membra
817 955 888 996 dat
918 954 1078 1003 uitalia,

212 1028 329 1078 Quae
357 1027 523 1078 lingua,
553 1024 714 1077 pulmo,
744 1035 832 1073 cor,
862 1021 965 1072 lien,
997 1031 1139 1069 renes,
1169 1018 1296 1059 iecur.
1355 1026 1418 1059 150

211 1093 484 1145 Hominisque
514 1094 673 1144 septem
703 1088 841 1130 frusta
871 1098 1021 1138 corpus
1052 1085 1281 1126 dissecant:

214 1162 382 1210 Pectus,
414 1160 557 1210 caput,
589 1159 760 1206 uenter7
790 1154 896 1195 duae
926 1163 1090 1200 manus,
1122 1149 1264 1202 pedes.

212 1227 396 1278 Axisque
427 1223 575 1265 stellae
606 1225 670 1263 tot
700 1221 891 1274 polorum
921 1219 1099 1267 uertice,

214 1293 392 1335 Sanctae
422 1294 487 1331 tot
517 1288 722 1331 ecclesiae
750 1286 984 1340 probantur
1013 1283 1187 1333 lumina,

214 1358 295 1400 Tot
324 1357 432 1398 dona
460 1358 635 1409 propter
665 1352 919 1406 septiformis
950 1350 1143 1403 Spiritus.
1360 1356 1422 1389 155

213 1423 397 1476 Requies
428 1422 593 1462 dicatur
623 1422 752 1471 atque
782 1416 1021 1470 septenario

211 1488 474 1531 Perfectione
505 1488 749 1528 consecrata
778 1482 956 1525 sabbati.

267 1554 485 1595 Perfectus
514 1551 609 1592 inde
642 1550 779 1602 surgit
808 1547 1048 1590 octonarius

214 1620 353 1673 Cybus
384 1622 558 1660 uocatus
588 1617 678 1670 ipse
707 1616 868 1668 primus
900 1613 1087 1654 omnium

216 1685 415 1728 Crescens
444 1683 567 1725 diade
597 1682 781 1723 motione
811 1679 1007 1733 primula,
1360 1685 1422 1718 160

217 1751 367 1793 Tetras
397 1750 520 1791 diade
549 1748 764 1801 duplicata
792 1745 1002 1799 prouenit,

217 1817 349 1858 Diade
378 1819 494 1857 mota
523 1815 659 1867 gignit
688 1812 951 1854 octonarium

218 1883 437 1926 Perfectus
467 1885 510 1924 et
538 1881 646 1934 tegit
678 1879 787 1932 quod
816 1879 926 1919 hunc
956 1876 1157 1926 senarius,

219 1948 322 2002 Cybi
353 1948 463 2000 quod
492 1947 624 1989 omnis
656 1949 754 1987 sunt
782 1948 848 1986 tot
878 1941 1142 1983 eminentiae.

206 2101 244 2134 V.
277 2102 470 2133 139—143
500 2098 696 2142 putredine
730 2098 805 2140 fere
838 2096 885 2129 ad
921 2094 1064 2129 tertiam
1094 2095 1239 2136 partem
1277 2090 1424 2124 redacti.

112 2157 173 2191 141
199 2155 356 2199 meatus]
386 2167 410 2199 p
441 2154 542 2197 sequi
571 2153 726 2187 videtur.
764 2152 827 2185 142
851 2161 889 2184 ce
904 2176 911 2183 .
926 2176 933 2184 .
950 2149 972 2193 .]
1006 2159 1053 2182 cm
1085 2159 1146 2182 co.
1161 2174 1168 2181 .
1183 2147 1220 2181 ,ἲ
1257 2146 1320 2179 143
1344 2155 1426 2188 par·

112 2211 237 2251 nulus,
261 2221 349 2244 corr.
387 2210 449 2243 144
481 2208 565 2242 orbe
597 2209 636 2241 in
664 2217 735 2241 ras.
772 2207 834 2239 145
857 2208 937 2239 tum
960 2204 1000 2237 in
1024 2213 1093 2237 ras.
1133 2202 1194 2235 146
1218 2201 1291 2243 fuit
1315 2210 1425 2244 gena-

113 2279 193 2300 rum
216 2266 287 2299 sit-e
311 2265 511 2309 genarium.
549 2264 609 2296 151
636 2261 769 2305 frusta]
796 2272 818 2295 a
834 2260 874 2293 in
890 2269 961 2293 ras.
1000 2259 1063 2292 153
1079 2256 1205 2297 stellae,
1230 2256 1274 2290 1ae
1298 2255 1337 2287 m
1354 2263 1423 2287 ras.

116 2321 179 2355 154
202 2319 275 2362 tot]
300 2330 389 2353 corr.
416 2320 514 2362 quot.
547 2318 609 2351 159
633 2317 709 2361 ipse
738 2316 778 2349 in
801 2324 871 2348 ras.
898 2314 960 2347 163
983 2314 1078 2346 inter
1102 2313 1138 2345 et
1162 2314 1194 2344 et
1216 2309 1310 2354 legit
1333 2308 1426 2341 duae

117 2375 255 2409 litterae
279 2383 410 2408 erasae.
447 2373 511 2407 164
533 2372 605 2414 fuit
630 2370 724 2405 cubi.
