1747 2620
574 755 992 822 PRAEFATIO.

207 953 332 1015 Cum
353 972 561 1024 Georgius
582 971 614 1011 F
618 970 827 1019 robenius‚
859 967 1083 1019 bibliopola
1104 965 1438 1014 honestissimus,

132 1039 348 1083 clarissimi
390 1039 568 1080 nominis
608 1036 862 1078 Basileensis
900 1034 1193 1082 resuscitator7
1241 1031 1439 1072 diuturna

134 1107 243 1148 idem
273 1117 433 1147 mecum
462 1103 648 1145 amicitia
677 1103 937 1151 coniunctus,
968 1111 1033 1140 me
1063 1097 1362 1147 admonuisset,
1394 1100 1441 1136 ut

131 1185 181 1214 ex
210 1172 339 1224 copiis
369 1171 471 1212 meis
491 1170 696 1211 librorum
725 1168 1104 1218 manuscriptorum
1124 1162 1325 1205 beneficio
1347 1173 1441 1204 con-

133 1239 299 1291 stipatis
328 1248 564 1289 promerem
594 1234 772 1287 aliquid⁷
800 1245 881 1274 non
909 1232 1109 1272 absonum
1136 1229 1224 1270 fore
1254 1241 1278 1270 a
1309 1227 1442 1269 doctis

133 1305 258 1346 huius
288 1303 380 1344 aevi
411 1302 561 1343 studiis
591 1305 710 1342 ratus
739 1312 846 1349 sum⁷
877 1298 912 1339 si
932 1297 1057 1338 medii
1077 1295 1169 1337 aevi
1190 1295 1373 1336 carmina
1394 1305 1443 1333 ex

132 1369 399 1412 bibliothecis
421 1367 720 1419 manuscriptis
741 1364 990 1414 Helveticis⁷
1017 1361 1221 1403 Bernensi
1241 1359 1442 1412 inprimis,

135 1440 225 1478 tum
253 1433 528 1484 Einsidlensi‚
567 1432 823 1482 Genevensi,
860 1430 952 1471 aliis
989 1440 1063 1482 per
1093 1428 1210 1468 varia
1244 1426 1443 1466 itinerum

135 1501 377 1544 discrimina
424 1500 567 1541 sedulo
603 1501 798 1550 congesta
842 1501 885 1538 et
920 1496 1074 1549 partim
1110 1506 1134 1534 a
1172 1492 1272 1533 viris
1311 1490 1443 1532 doctis

138 1569 226 1609 sive
254 1566 463 1608 historicis
491 1566 577 1607 sive
600 1565 671 1617 qui
696 1563 863 1616 proprie
890 1564 1092 1603 vocantur
1120 1557 1341 1611 philologis
1369 1555 1445 1596 du-

143 1634 241 1675 dum
269 1632 499 1684 efflagitata
529 1643 579 1672 ex
604 1624 730 1683 ‘parte
760 1629 909 1670 saltem
938 1625 1095 1680 publici
1123 1624 1226 1665 iuris
1246 1622 1445 1664 fecissem.

139 1699 228 1750 Quo
258 1700 300 1740 in
331 1710 483 1751 genere
512 1696 766 1738 bibliotheca
785 1694 1071 1747 Bongarsiana
1096 1700 1360 1742 summopere
1380 1699 1445 1727 1116

140 1765 329 1806 adiutum
359 1776 478 1813 esse,
523 1775 600 1815 per
639 1774 684 1803 se
718 1761 872 1813 liquet:
917 1771 1015 1800 nam
1054 1770 1129 1809 per
1164 1756 1306 1797 decem
1344 1754 1446 1795 istos

141 1841 294 1881 annos,
333 1841 436 1881 quos
466 1827 717 1870 conficiendo
747 1838 852 1867 novo
882 1829 976 1878 post
1007 1823 1231 1865 Sinnerum
1260 1820 1448 1862 codicum

142 1895 414 1937 Beruensium
451 1894 642 1946 catalogo
677 1892 899 1944 insumpsi,
937 1891 1084 1931 miram
1121 1890 1319 1940 quantam
1359 1896 1446 1926 car-

141 1962 299 2003 minum
342 1961 430 2001 eius
474 1960 586 2001 modi
629 1959 883 2011 farraginem
925 1954 1284 2008 deprehenderam
1323 1955 1449 2002 atque

142 2028 225 2070 illis
257 2025 537 2068 describendis
564 2024 732 2066 futurae
753 2023 948 2065 editionis
968 2021 1238 2062 fundamenta
1258 2018 1448 2059 ieceram.

171 2130 174 2133 .
221 2093 338 2143 Quae
360 2104 470 2133 nunc
490 2095 538 2132 ut
558 2103 641 2132 non
662 2090 811 2140 omnia,
832 2089 892 2130 ita
912 2087 1135 2129 lectissima
1155 2085 1370 2127 doctorum
1390 2083 1448 2122 vi-

140 2172 282 2202 rorum
305 2158 495 2199 manibus
515 2157 576 2198 ita
596 2156 729 2207 trado,
760 2160 807 2197 ut
829 2166 909 2196 non
931 2153 1066 2195 solum
1087 2151 1317 2205 philologos
1337 2159 1450 2188 meos

140 2225 269 2266 medii
299 2225 392 2265 aevi
422 2223 498 2264 hoc
527 2223 614 2276 ipso
644 2226 830 2274 tempore
855 2220 1033 2261 maximo
1064 2219 1154 2259 iure
1185 2220 1309 2268 atque
1339 2226 1449 2255 sum-

141 2302 207 2332 mo
229 2303 321 2332 cum
344 2290 586 2331 litterarum
606 2289 873 2340 antiquarum
895 2286 1133 2327 adiumento
1154 2282 1297 2335 magis,
1326 2291 1448 2333 quam
