1643 2574
199 137 249 177 62
584 142 803 178 CARMINA
828 140 964 175 MEDII
987 139 1112 175 AEVI.

363 254 606 306 Obsequens
635 253 749 305 patri
777 251 901 293 latice
930 251 1116 292 leuatum

417 320 610 372 Aequore
638 318 783 360 traxit.

198 420 241 453 25
361 408 412 449 In
442 406 593 459 quibus
622 407 712 458 ipse
740 405 810 446 uia
839 405 921 446 rite
951 405 1112 446 clarens

360 472 532 515 Actibus
562 472 715 514 sanctis
746 471 865 512 docet
890 469 1178 520 ammonendo,

361 539 429 581 Sic
458 538 523 580 dei
552 538 676 579 iussis
704 537 834 579 libere
865 536 1048 589 parendo

415 604 554 646 Mente
585 603 762 645 subesse.

362 692 508 744 Huius,
539 703 562 733 o
594 690 771 741 Christe,
802 689 974 740 meritis⁷
1006 700 1233 741 precamur,

198 769 240 803 30
362 758 518 799 Areeas
548 757 668 807 iram,
698 756 862 798 tribuas
892 754 1091 805 fauorem,

363 823 551 865 Gratiam
581 826 771 875 praestes
801 822 1050 874 ueniamque
1081 820 1214 871 nobis,

416 889 533 931 Mitis
562 889 615 931 ad
644 901 799 930 omnes.

362 977 537 1027 Praebe⁷
568 989 744 1027 oramus,
777 976 881 1017 deus
911 976 1019 1016 alme
1049 978 1198 1023 rector,

360 1042 419 1085 Ut
447 1042 548 1084 fides
578 1046 723 1084 nostra
752 1042 868 1082 uitiis
903 1041 1072 1082 resistat

197 1120 239 1153 35
362 1109 499 1160 Atque
528 1109 734 1150 uirtutum
765 1107 916 1149 studiis
946 1107 1155 1148 ministret

416 1174 585 1215 Pectore
615 1186 732 1227 puro.

360 1261 544 1303 Gloriam
576 1262 686 1315 patri
717 1271 954 1301 resonemus
985 1270 1125 1300 01111105

360 1327 416 1368 Ε1
445 1327 534 1377 tibi7
567 1327 744 1371 Christe,
776 1325 915 1377 genite
946 1335 1137 1377 superne,r

362 1393 465 1434 Cum
496 1393 646 1445 quibus
677 1396 845 1433 sanetus
877 1390 1000 1432 simul
1031 1393 1070 1431 et
1100 1392 1262 1431 creator

196 1470 238 1503 40
414 1458 594 1511 Spiritus
625 1462 775 1500 exstat.

745 1674 956 1715 XXXVII.

490 1763 699 1817 VERsvs
737 1763 803 1815 DE
840 1760 1214 1816 MARTrRfflvs,

604 1872 789 1913 Aeterna
819 1871 976 1913 Christi
1006 1883 1177 1912 munera

549 1938 603 1979 Et
634 1942 866 1990 martyrum
896 1937 1094 1979 uictorias

281 2045 322 2079 V.
348 2046 389 2079 23
412 2047 483 2088 fuit
509 2046 663 2080 leuatus.
701 2048 742 2081 25
765 2047 838 2089 fuit
862 2048 968 2081 reete.
994 2057 1021 2079 r.
1039 2049 1081 2079 29
1105 2055 1173 2089 seq.
1192 2054 1305 2088 usque
1329 2043 1375 2077 ad
1400 2043 1505 2085 finem

193 2101 267 2135 alia
297 2111 405 2133 manu
437 2101 565 2143 scripti
594 2105 678 2135 sunt
717 2101 840 2145 priori
862 2101 1042 2144 scriptura
1072 2099 1252 2134 eradendo
1276 2098 1427 2132 sublata.
1463 2098 1504 2131 29

193 2166 418 2200 praecamur.
452 2156 491 2188 :31
519 2158 663 2200 prestes.
699 2157 741 2189 :33
766 2157 883 2199 prebe.
921 2156 961 2189 34
986 2155 1099 2189 uieiis.
1135 2154 1176 2188 36
1200 2154 1346 2188 rectore.
1379 2153 1422 2186 40
1446 2163 1505 2187 ex-

196 2212 280 2245 stat.
304 2221 420 2244 amen.

280 2264 458 2298 XXXVII.
485 2264 567 2298 Cod.
592 2264 702 2298 Rern.
726 2268 791 2297 455
814 2275 840 2299 s.
869 2264 909 2298 X
929 2266 955 2307 f.
980 2266 1035 2297 9¹³.

279 2319 320 2354 V.
345 2320 365 2353 2
388 2320 423 2353 et
448 2320 664 2363 martyrum]
690 2330 869 2363 suprascr.
895 2330 938 2353 1η.
966 2320 1018 2353 II.
1046 2318 1312 2362 apostolorum.
