1643 2574
199 165 251 204 94

201 590 244 624 20

205 954 246 987 25

212 1643 253 1677 35

213 2003 256 2036 40

591 170 810 207 CARMINA
833 170 971 205 MEDH
995 170 1118 205 AEVI.

418 282 564 323 Virtus
595 284 637 322 et
666 280 869 334 potentia,

419 347 483 389 Tu
512 347 636 389 decus
667 350 969 397 ereaturarum,

420 413 543 456 Salus
574 425 617 455 es
647 416 688 455 et
716 413 912 454 omnium.

475 511 599 554 Lucis
629 515 778 553 auctor
807 514 850 553 et
878 512 1073 564 perennis

420 577 478 620 Es
509 578 626 630 origo
654 577 837 628 luminis,

421 643 588 685 Veritas
620 643 669 684 de
699 642 892 691 ueritate,

421 709 582 750 Lumen
611 720 654 750 es
685 708 735 749 de
766 707 935 757 lumine,

423 774 513 825 Quo
543 773 677 816 beatis
707 773 962 826 sempiterna

423 842 567 884 Manat
595 841 686 894 ipsa
716 841 881 881 caritas.

479 940 623 982 Manat
653 939 748 980 inde
778 939 887 988 uita,
919 936 1044 987 salus,

424 1006 571 1048 Manat
601 1004 894 1054 inmortalitas,

425 1072 568 1114 Vertis
599 1075 699 1124 apta
730 1069 945 1123 nuptialis,

426 1138 572 1179 Manat
602 1138 694 1189 ipsa
724 1137 891 1185 caritas⁷

425 1204 518 1254 Qua
547 1204 695 1245 beatus
724 1200 982 1255 perfruendo

426 1270 543 1312 Viuit
575 1269 706 1311 onmis
736 1268 921 1321 spiritus.

481 1368 539 1410 Es
570 1372 611 1410 et
644 1369 730 1421 ipse
760 1367 853 1407 fons
883 1376 1090 1417 aquarum

429 1434 684 1476 Cunctarum
715 1432 963 1481 uiuentium,

428 1500 552 1542 Ultro
582 1504 624 1541 te
654 1498 813 1539 bibenti
845 1496 999 1550 prodis,

428 1565 552 1607 Ultro
582 1564 721 1606 tendis
751 1561 946 1611 brachia;

430 1630 511 1681 Qui
542 1631 650 1681 sitit7
681 1630 800 1671 sitire
830 1628 951 1678 desit,

430 1697 503 1739 Sat
532 1696 669 1745 bibat,
700 1698 766 1736 sat
795 1693 977 1735 hauriat.

487 1793 599 1843 Quos
629 1793 720 1845 pias
750 1795 797 1833 tu
826 1789 940 1832 fonte
971 1800 1102 1839 sacro,

432 1859 548 1909 Quos
578 1858 804 1911 perunguis
836 1855 1058 1898 chrismate

432 1924 660 1976 Inbuisque
691 1923 927 1965 Christiano

432 1990 708 2032 Saerosanoto
738 1989 944 2041 dogmate,

433 2056 518 2097 Nos
549 2060 725 2109 paterno
755 2066 868 2096 more
898 2053 1044 2103 nutris,

435 2122 520 2163 Hos
551 2121 748 2175 adoptas,
778 2120 851 2162 hos
881 2119 993 2160 beas.

306 2296 348 2331 V.
375 2297 414 2331 19
439 2295 641 2340 perhennis.
687 2296 727 2329 27
753 2294 978 2340 nuptiabilis,
1002 2303 1091 2328 corr.
1139 2292 1179 2326 36
1205 2290 1332 2325 auriat.
1373 2287 1415 2322 38
1439 2287 1519 2324 eris—

220 2353 327 2387 mate.
