1643 2574
397 185 579 220 VERSVS
604 185 664 219 DE
688 183 1072 220 CONFESSORIBVS.
1341 175 1391 215 67

470 328 724 338 .......
755 307 892 337 annue

411 361 541 403 Nobis
572 361 690 414 sequi
721 361 902 413 uestigia

415 459 791 468 ..........
824 427 875 468 lis
1355 436 1394 470 15

412 493 589 535 Dimitte
619 503 769 534 noxam
800 492 998 534 criminis.

477 623 1014 635 ..............

414 755 956 765 ··············

456 821 462 828 .
496 821 503 827 .
536 794 576 831 et
606 790 649 830 iu
678 792 941 842 perpetuum.
1356 799 1398 833 20

679 1073 804 1115 XLII.

251 1183 422 1226 Summe
451 1184 663 1226 consessor
694 1196 810 1226 sacer
840 1187 881 1225 et
911 1183 1113 1234 sacerdos,

254 1250 506 1302 Temporum
536 1253 649 1291 meta
678 1254 773 1291 rota
803 1253 972 1302 torquet
1002 1249 1115 1300 anni,

249 1316 431 1369 Tempus
461 1320 526 1358 est
556 1316 675 1358 nobis
705 1316 783 1358 tibi
814 1319 1102 1358 consecratum

306 1382 495 1434 Pangere
524 1381 689 1424 festum.

251 1480 441 1531 Praesul,
471 1480 647 1533 insignis
676 1480 919 1532 meritisque
950 1479 1060 1522 clara
1381 1490 1400 1523 5

252 1545 311 1587 Te
344 1557 462 1587 sacra
492 1545 593 1588 cleri
623 1545 847 1598 populique
877 1545 1002 1587 turba

252 1610 387 1653 Corde
416 1615 632 1664 prostrato
663 1613 821 1664 pietate
850 1611 984 1664 poscit

308 1677 494 1720 Vernula
523 1681 700 1731 patrem.

252 1777 362 1818 Vota
390 1780 636 1819 cunctorum
665 1777 856 1819 releuans
886 1777 929 1818 111
959 1777 1054 1818 aula

253 1843 381 1895 Regis
413 1845 575 1885 aeterni
604 1843 748 1885 foueas
778 1846 1005 1896 utrumque
1364 1851 1404 1885 10

256 1907 466 1960 Ordinem,
499 1909 616 1951 cuius
647 1909 741 1962 pius
771 1909 949 1950 extitisti

310 1974 462 2016 Pastor
490 1976 534 2016 111
562 1975 678 2017 urbe.

180 2129 221 2163 V.
246 2130 288 2163 20
312 2129 363 2164 im
386 2131 614 2174 perpetuum.

179 2194 285 2228 XLII.
313 2194 396 2229 Cod.
421 2194 530 2229 Rern.
555 2197 620 2228 455
650 2204 676 2228 s.
704 2194 744 2228 X
772 2194 798 2237 f.
824 2196 891 2226 11³.
935 2192 1078 2227 Titulus
1108 2203 1183 2226 una
1216 2202 1294 2227 cum
1332 2192 1405 2225 ima

90 2250 117 2292 f.
142 2252 184 2283 10
210 2253 317 2293 parte
342 2250 465 2293 periit.
506 2249 575 2284 Sed
605 2249 691 2293 quia
722 2249 779 2283 hic
804 2258 942 2292 quoque
973 2248 1016 2282 de
1048 2247 1244 2290 confessore
1270 2247 1403 2291 ayitur,

91 2304 146 2338 m'l
169 2304 242 2338 nisi
265 2305 380 2339 ITEM
404 2304 549 2339 ALIVD
568 2303 836 2348 praescriptum
859 2302 971 2345 fuisse
994 2302 1145 2337 videtur.

182 2370 225 2404 V.
249 2371 268 2403 5
295 2370 425 2414 presul.
