1643 2574
414 142 822 178 ARGVMENTORVM
847 144 1158 180 CONSPECTVS.

1376 140 1454 179 233

572 253 597 287 C
632 253 998 289 ECCLESIASTICA.

111 329 163 364 De
186 329 322 373 pascha
345 330 372 363 I.
396 329 540 364 XXVII.

109 385 162 419 De
179 385 443 419 constructione
461 385 587 419 domus
602 384 668 419 Dei
685 385 761 419 XV.

108 438 161 473 De
186 439 345 473 adventu
369 440 507 474 domini
531 440 606 474 XX.

108 494 159 528 De
183 494 299 528 natali
324 495 463 529 domini
487 495 582 530 XXI.
602 496 715 529 XXII.

106 547 158 582 De
182 548 378 593 epiphania
402 549 531 583 XXIII.

106 602 158 637 De
181 603 433 647 purificatione
464 604 601 639 Mariae
631 605 758 639 XXIV.

149 658 258 692 XXV.

106 712 157 746 De
181 713 461 757 quadragesima
485 715 614 750 XXVI.

102 767 154 801 De
178 768 387 802 ascensione
411 769 548 803 domini
572 770 702 804 XXIX.

102 821 154 856 De
177 822 285 857 Petro
309 824 345 856 et
368 823 483 858 Paulo
507 825 616 859 XXX.

47 907 52 910 .
101 875 154 911 De
178 879 304 912 sancto
329 878 509 913 Germano
532 880 659 914 XXXI.

101 931 154 966 De
176 934 301 967 sancto
325 932 497 975 Dionysio
521 935 666 969 XXXH.

100 987 152 1021 De
176 987 379 1032 virginibus
402 988 565 1023 XXXIII.
595 990 716 1025 XLIV.

100 1041 152 1076 De
176 1043 293 1076 natali
317 1044 564 1087 apostolorum
589 1045 753 1081 XXXIV.

144 1097 286 1131 XXXV.

99 1151 150 1185 De
182 1152 299 1186 natali
331 1154 447 1187 sancti
475 1153 663 1190 Benedicti

142 1207 305 1243 XXXVI.

99 1260 150 1295 De
182 1263 405 1306 martyribus
437 1263 617 1299 XXXVII.

141 1315 338 1351 XXXVIII.

96 1370 147 1404 De
172 1382 243 1405 uno
268 1374 426 1414 martyre
450 1372 611 1406 XXXIX.
636 1373 706 1407 XL.

95 1424 147 1458 De
171 1425 431 1460 confessoribus
455 1426 543 1461 XLI.
568 1428 673 1463 XLII.

95 1479 147 1513 De
179 1480 294 1513 natali
326 1481 488 1514 omnium
519 1483 727 1516 sanctorum

141 1533 266 1568 XLIII.

799 330 849 364 De
864 331 982 365 natali
1000 331 1115 365 sancti
1130 331 1316 366 Michaelis
1326 332 1451 368 XLVI.

795 383 837 417 In
862 384 1092 419 dedicatione
1116 386 1285 420 ecclesiae
1308 386 1452 421 XLVII.

794 439 852 472 Ad
875 441 1070 475 nocturnos
1093 441 1252 475 XLVIII.

795 493 846 528 De
871 495 1042 539 accipitre
1068 497 1105 530 et
1128 507 1268 540 pavone
1292 496 1330 530 L.

793 549 835 582 In
870 549 1005 584 honore
1041 551 1188 585 sanctae
1223 552 1336 585 crucis
1370 552 1425 586 LI.

837 603 996 638 LXVIII.
1022 604 1147 638 LXIX.

792 658 843 691 De
866 658 997 693 Iacobo
1022 660 1059 693 et
1083 660 1235 704 Iosepho
1260 660 1352 695 LIII.

792 711 844 746 De
883 713 1025 748 Christo
1071 714 1176 749 XLV.
1222 714 1294 748 LV.
1340 715 1448 749 LXII.

835 767 940 801 LXX.
966 768 1106 802 LXXII.
1144 769 1302 804 LXXIII.

790 823 843 857 De
866 823 1001 858 ieiunio
1026 824 1115 859 LIX.

790 877 841 911 De
864 879 1096 921 paenitentia
1120 880 1189 913 LX.

789 931 841 966 De
865 932 923 967 die
948 934 1079 968 Iudicii
1103 933 1192 968 LXI.

789 987 841 1022 De
864 987 1123 1023 Innocentibus
1147 990 1272 1023 LXIII.

788 1043 839 1077 De
864 1043 1049 1088 Stephano
1077 1046 1236 1087 martyre
1261 1044 1384 1079 LXIV.

787 1098 840 1133 De
863 1099 1025 1133 Iohanne
1050 1099 1153 1133 LXV.

786 1153 909 1188 Passio
934 1154 1088 1198 legionis
1105 1154 1294 1189 Thebaeae
1311 1157 1321 1198 (
1326 1157 1441 1189 sancti

829 1209 1010 1252 Mauricii)
1035 1209 1141 1243 VHC.

785 1263 837 1298 De
860 1264 1057 1298 nativitate
1082 1264 1221 1299 domini
1240 1265 1309 1300 CX.

785 1317 858 1352 Sub
891 1330 992 1353 cruce
1026 1330 1068 1353 ex
1100 1330 1254 1364 persona
1283 1319 1442 1353 crucifixi

829 1372 971 1407 CXXII.

785 1427 837 1461 De
862 1427 1048 1462 Genovefa
1072 1428 1213 1472 virgine
1238 1429 1428 1463 CXXXIV.

653 1635 693 1671 D.
718 1636 879 1670 VARIA.

95 1720 146 1755 De
170 1722 280 1756 calice
304 1723 366 1757 VI.

93 1775 146 1809 De
170 1777 391 1811 animalibus
416 1778 511 1812 XIII.

95 1831 146 1865 De
171 1831 342 1876 accipitre
366 1833 402 1865 et
426 1843 566 1876 pavone
592 1832 626 1867 L.

94 1885 146 1919 De
170 1886 285 1919 morte
308 1885 382 1919 LII.
409 1886 514 1920 LVII.
539 1886 629 1921 IIIC.

93 1939 145 1974 De
168 1941 246 1974 vita
269 1940 421 1974 honesta
444 1940 533 1974 LVI.
558 1941 748 1975 CXXVIII.

93 1994 146 2029 De
169 1994 342 2038 loquendi
366 1995 532 2029 vanItate
556 1995 680 2030 LVIII.

92 2049 145 2083 De
169 2050 246 2083 viro
269 2050 386 2093 probo
409 2049 553 2083 LXVII.

92 2103 348 2137 Paraeneticus
384 2104 431 2138 ad
471 2104 719 2140 adulescentes

138 2157 331 2191 LXXVIII.

92 2212 145 2246 De
169 2213 304 2247 abbate
330 2213 454 2257 aliquo
479 2212 669 2250 LXXXIX.

93 2266 145 2301 De
168 2267 269 2301 vitiis
293 2269 329 2301 et
351 2267 550 2302 virtutibus
574 2268 663 2303 VIC.

92 2320 144 2355 De
168 2324 380 2366 contemptu
408 2322 505 2356 vitae
531 2322 600 2356 VC.

783 1723 964 1758 Dissuasio
988 1725 1204 1768 cupiditatis
1227 1725 1316 1760 IVC.

784 1779 836 1813 De
866 1779 1053 1813 hominum
1085 1776 1341 1824 desperatione
1365 1780 1438 1814 HC.

783 1834 1059 1869 Commendatio
1087 1835 1271 1869 castitatis
1296 1835 1350 1869 IC.

785 1888 968 1922 Dissuasio
1000 1889 1247 1933 navigationis
1281 1890 1328 1923 ob
1362 1890 1416 1923 lu-

826 1954 925 1976 crum
951 1944 988 1978 C.

782 1996 918 2032 Contra
942 1997 1154 2031 seditiosum
1180 1998 1313 2043 vulgus
1337 1998 1390 2033 CI.

782 2051 838 2084 Ad
863 2052 1022 2086 obsessos
1045 2052 1083 2086 in
1108 2058 1225 2087 castro
1249 2054 1322 2087 CII.

781 2106 1022 2151 Reprehensio
1036 2107 1298 2151 superfluorum
1312 2108 1348 2141 in
1363 2110 1437 2152 epi—

824 2161 952 2205 taphio
976 2161 1148 2195 Iohannis
1173 2162 1322 2196 abbatis
1345 2162 1436 2196 CIII.

782 2215 966 2249 Dissuasio
984 2216 1195 2250 concubitus
1212 2216 1247 2250 in
1267 2228 1339 2250 uno
1355 2218 1436 2250 tan-

824 2270 903 2303 tum
927 2281 1012 2304 sexu
1037 2270 1124 2305 CIV.

781 2323 832 2357 De
858 2325 1016 2368 peccatis
1041 2324 1110 2359 CV.
