1643 2574
228 129 279 168 50
616 135 836 170 CARMINA
860 137 997 171 MEDII
1021 137 1146 172 AEVI.

225 257 268 290 45
555 245 641 286 Nos
671 257 770 297 ergo
801 246 918 298 signo
947 246 1101 288 domini

500 311 703 353 Tutemus
733 315 878 353 nostra
908 315 1090 365 pectora,

498 377 561 418 Ne
589 389 759 430 serpens
789 376 861 419 ille
892 377 1067 419 callidus

500 442 689 484 Intrandi
719 446 857 485 tentet
886 443 1039 485 aditus.

557 542 638 583 Sed
671 555 744 584 nec
775 542 962 583 ciborum
992 543 1164 595 crapula

226 620 267 652 50
500 607 686 648 Tandem
714 607 925 649 distendat
955 620 1141 660 corpora,

500 672 562 714 Ne
592 675 659 714 cui
689 686 763 726 per
793 686 980 716 somnum
1010 675 1147 716 anima

500 738 734 781 Ludificata
764 739 938 792 polluat.

553 837 633 879 Sed
662 838 790 879 armis
820 838 1046 890 pudicitiae

499 903 616 944 Mens
647 903 755 944 fulta
785 903 889 956 uigil
918 903 1046 945 libere

226 979 267 1011 55
501 968 738 1010 Sobrietate
768 970 917 1011 comite

499 1033 674 1076 Hostem
704 1035 881 1088 repellat
911 1035 1141 1088 inprobum.

792 1326 964 1368 XXVII.

598 1432 808 1485 VERSVS
846 1432 912 1484 DE
952 1432 1177 1485 PASCHA.

500 1548 564 1588 Ad
594 1560 735 1589 cenam
767 1548 863 1599 agni
893 1546 1059 1599 prouidi

446 1613 509 1654 Ex
539 1613 657 1654 stolis
687 1613 794 1653 albis
826 1612 990 1654 candidi

446 1679 545 1720 Post
575 1679 800 1720 transitum
830 1680 957 1720 maris
988 1678 1102 1720 rubri

448 1744 615 1786 Christo
647 1756 845 1785 canamus
876 1744 1064 1796 principi.

249 1854 267 1886 5
500 1842 628 1884 Cuius
659 1854 824 1883 sacrum
854 1842 1147 1894 corpusculum

445 1908 494 1949 In
525 1920 598 1949 ara
629 1908 762 1949 erucis
792 1908 1010 1959 torridum³

447 1974 605 2015 Cruore
637 1974 725 2015 eius
754 1985 872 2015 roseo

446 2038 665 2081 Grustando
695 2039 878 2080 uiuimus
909 2039 997 2081 deo.

317 2203 357 2236 V.
376 2203 418 2235 45
437 2202 540 2245 signo
557 2214 614 2236 no.
647 2203 689 2235 46
707 2203 888 2247 pecctora.
922 2204 964 2236 48
982 2203 1123 2237 temtet.
1156 2203 1197 2235 50
1213 2202 1373 2236 tamdem
1390 2201 1518 2236 distem
1530 2220 1539 2226 ·

229 2257 305 2291 dat.
339 2257 377 2290 51
404 2257 535 2290 anima.
573 2258 614 2290 52
637 2257 840 2292 ludificatas
864 2257 1019 2301 pulluat.
1055 2258 1096 2291 533
1121 2256 1316 2301 pudiciciae.

317 2311 460 2345 XXVII.
499 2311 579 2345 (³041.
606 2311 714 2345 Rern.
740 2315 804 2345 455
828 2322 853 2346 s.
882 2312 922 2345 X
940 2318 966 2351 f.
991 2313 1052 2345 31‘.
