1643 2574
409 201 524 236 ITEM
549 199 729 235 VERSVs
754 199 779 234 F
784 196 1040 234 ORTVNATI.
1334 186 1384 226 83

122 317 226 358 Post
255 325 419 368 quoque
449 311 521 354 sed
549 310 650 353 obiit
681 309 757 352 sub
788 309 894 350 Abel
923 308 1015 349 uice
1047 305 1235 348 redditus
1272 306 1326 346 is-
1342 315 1381 349 15

179 381 234 423 Et
265 379 458 433 quamuis
488 377 626 427 rediit,
658 387 739 417 non
771 375 858 416 sine
888 373 970 415 fine
999 373 1091 414 fuit.
1202 371 1326 426 [dem‚

122 447 234 499 Quid
262 446 350 488 Noe
380 455 606 486 memorem
634 441 853 483 laudatum
883 451 984 481 uoce
1008 437 1222 487 Tonantis,

181 512 315 563 Quem
342 510 448 552 leuis
479 521 574 551 arca
597 507 708 559 tulit,
740 517 850 547 nunc
870 505 1012 558 grauis
1033 515 1138 545 arua
1158 502 1324 556 premit.

124 578 194 621 Sic
224 588 388 630 quoque
409 575 505 617 Sem
531 576 574 616 et
599 572 751 624 Iafeth,
782 571 1012 613 iustissima
1043 570 1220 621 denique
1238 579 1331 622 pro-

181 644 333 686 Sancta
362 645 405 683 et
433 640 653 694 progenies
682 638 766 680 tale
795 637 978 678 cucurrit
1008 637 1100 678 iter.
1250 633 1327 688 [les
1345 643 1388 677 20

129 709 241 760 Quid
275 706 514 762 patriarcha
551 704 782 754 Abraham,
818 703 958 752 Isaac,
996 701 1117 743 Iacob
1166 711 1332 753 quoque

186 774 289 817 Cum
319 773 369 815 de
398 773 489 825 lege
514 772 628 813 necis
648 781 769 811 nemo
791 768 953 811 solutus
974 767 1119 810 adest?
1153 767 1330 820 [dignus,

130 838 438 883 Melchisedech
468 838 608 888 etiam,
639 835 794 877 domini
825 846 941 876 sacer
971 845 1043 874 ore
1070 833 1277 884 sacerdos,

183 905 388 958 Iacobque
417 915 491 945 seu
520 902 651 955 geniti
681 901 740 942 sic
769 900 908 942 abiere
937 899 1015 940 sui.

131 971 300 1026 Legifer
330 972 419 1024 ipse
448 970 557 1011 iacet
586 968 765 1021 Moyses,
796 967 1018 1018 Aaronque
1049 963 1243 1006 sacerdos
1347 973 1388 1007 ‘25

188 1036 476 1090 Alloquiisque
507 1034 574 1076 dei
603 1034 753 1086 dignus
784 1032 942 1073 amicus
972 1030 1069 1072 obit.

131 1104 440 1155 Successorque
470 1112 581 1152 suus,
613 1099 755 1153 populi
785 1098 868 1139 dux
897 1097 1081 1145 inclitus,
1111 1096 1238 1145 Iesus,

187 1170 301 1220 Quos
329 1168 470 1220 legitis
498 1166 629 1216 libris,
661 1164 891 1206 occubuere
914 1166 1069 1215 patres.

131 1236 243 1287 Quid
274 1234 457 1284 Gedeon‚
495 1232 668 1274 Samson
705 1230 773 1272 uel
808 1229 995 1281 quisquis
1026 1229 1067 1269 in
1098 1226 1240 1269 ordine
1272 1227 1334 1268 iu-

189 1301 369 1343 Mortem
398 1298 474 1340 sub
506 1298 672 1340 domino
702 1296 836 1337 iudice
866 1306 985 1336 nemo
1014 1294 1135 1343 fugit.
1212 1292 1394 1347 [dex‘?3o

134 1367 353 1410 Israhelita
382 1368 531 1418 potens
562 1362 700 1404 Dauid
729 1375 801 1403 rex
831 1366 959 1413 atque
989 1360 1194 1413 propheta

192 1434 271 1475 Est
302 1433 409 1474 situs
439 1432 482 1472 in
512 1430 673 1471 tumulo
711 1441 803 1470 cum
834 1427 1052 1469 Salomone
1084 1438 1171 1467 suo.

134 1499 294 1549 Esaias,
325 1496 517 1547 Danihel,
548 1494 746 1538 Samuhel
773 1494 980 1546 Ionasque
1010 1492 1160 1533 beatus

191 1564 350 1606 Viuens
381 1563 457 1605 sub
487 1562 635 1615 pelago
667 1564 753 1603 stat
782 1559 902 1601 modo
934 1570 1103 1612 pressus
1134 1557 1274 1598 humo.

138 1632 337 1683 Princeps
378 1630 495 1672 claue
534 1628 704 1678 Petrus,
745 1627 902 1679 primus
943 1635 1108 1677 quoque
1147 1623 1340 1675 dogmate
1353 1632 1394 1666 35

192 1696 392 1748 Quamuis
423 1694 589 1745 excelsi,
620 1704 793 1746 corpora
823 1695 938 1733 terra
967 1690 1084 1742 tegit.
1152 1687 1339 1743 [Paulus,

133 1762 299 1805 Semine
328 1761 379 1804 ab
408 1761 589 1802 humano
619 1759 683 1801 cui
713 1758 854 1799 nullus
884 1756 1015 1798 maior
1043 1755 1222 1796 habetur

195 1827 283 1878 Vir,
314 1827 499 1879 baptista
527 1828 688 1878 potens,
718 1824 805 1876 ipse
833 1822 1038 1864 Iohannes
1065 1820 1163 1861 obit.

141 1893 284 1935 Enoch
315 1893 515 1945 Eliasque
544 1891 621 1933 hoc
650 1890 784 1932 adhuc
814 1891 1008 1941 expectat
1038 1889 1231 1938 uterque,

199 1959 280 2010 Qui
310 1962 429 1999 satus
458 1969 508 1998 ex
537 1957 702 1998 homine
733 1958 809 2005 est,
840 1958 882 1995 et
912 1953 1142 1994 moriturus
1173 1951 1266 1993 erit.
1352 1961 1396 1995 40

142 2026 234 2079 Ipse
256 2027 421 2066 creator
441 2034 571 2064 ouans
589 2033 767 2073 surgens
783 2020 866 2061 cito
884 2018 1079 2060 Christus
1101 2017 1151 2058 ab
1168 2016 1339 2068 umbris,

198 2091 288 2141 Hic,
319 2090 417 2142 quia
446 2093 571 2130 natus
591 2087 713 2129 homo
741 2090 818 2138 est,
850 2097 973 2127 carne
994 2083 1184 2137 sepultus
1205 2082 1342 2124 humo.

177 2222 218 2256 V.
245 2223 285 2256 15
309 2222 396 2256 sedh
421 2220 514 2256 obiit
560 2219 708 2260 reditus,
732 2218 845 2251 altera
870 2217 893 2250 d
916 2226 1095 2260 suprascr.
1134 2215 1173 2249 18
1198 2215 1301 2258 arua]
1325 2214 1398 2256 fuit

88 2289 183 2313 arca.
207 2277 246 2311 21
272 2277 331 2311 uel
355 2277 472 2318 isaac,
504 2274 563 2309 uel
581 2274 730 2318 punctis
753 2272 820 2307 del.
845 2273 888 2306 24
904 2271 1009 2305 Iacob
1027 2282 1168 2315 quoque
1203 2271 1244 2303 25
1269 2280 1398 2303 aaron·

92 2343 244 2376 quoque.
282 2332 324 2366 30
347 2331 468 2366 morti.
513 2330 555 2365 36
580 2328 745 2374 quamuis
769 2327 871 2361 celse.
912 2326 954 2360 38
979 2326 1080 2361 obiit.
1124 2326 1166 2359 49
1190 2325 1287 2358 Enoc
1310 2323 1400 2357 heli-

90 2397 212 2431 asque.
251 2387 292 2420 40
317 2386 430 2430 satus]
455 2394 634 2429 suprascr.
661 2395 684 2417 n
707 2398 749 2411 =
774 2382 891 2422 natus,
916 2383 1040 2416 contra
1063 2384 1223 2414 metrum.
