1643 2574
652 172 930 208 PRAEFATIO.
1391 172 1443 202 IX

134 287 288 328 videat.
320 286 413 326 Alia
434 289 654 336 tantopere
675 296 698 324 a
719 285 903 336 vulgata,
926 295 1050 336 quam
1072 282 1227 333 dicunt,
1251 282 1444 324 breviarii

134 352 265 393 forma
304 350 574 401 recedebant,
625 353 670 390 ut
705 361 780 401 pro
820 349 938 390 novis
975 361 1106 401 paene
1146 347 1289 389 haberi
1332 348 1445 389 iuste

135 421 318 470 possent.

218 482 298 524 Sed
337 482 414 524 hac
443 481 706 523 instaurandi
735 480 906 521 licentia
942 493 1066 532 quam
1102 480 1312 521 rarissime
1346 491 1444 520 usus

136 561 240 599 sum,
272 552 318 589 ut
339 560 420 588 non
440 548 520 589 nisi
543 547 763 600 septimam
785 547 849 587 vel
871 546 973 587 adeo
995 549 1186 587 octavam
1207 545 1294 587 fere
1315 545 1445 587 totius

136 615 356 657 voluminis
377 619 538 667 partem
560 614 696 655 denuo
717 613 850 666 porgi,
884 617 1024 653 cetera
1054 612 1192 653 omnia
1222 625 1331 653 nunc
1361 612 1445 664 pri-

135 693 247 722 mum
276 692 326 721 ex
355 681 575 721 tenebroso
611 680 817 720 tinearum
859 690 1027 720 secessu
1067 678 1141 719 sub
1172 678 1311 719 Iovem
1352 690 1444 730 pro-

135 746 246 788 trahi
276 750 340 797 tu,
372 746 519 797 lector,
560 758 707 786 secure
737 745 854 787 scias.
917 744 1006 794 Quo
1048 745 1137 796 ipso
1176 744 1219 785 in
1260 756 1445 794 numero,

137 825 261 865 quem
282 813 511 854 anecdoton
535 812 633 862 dixi,
664 812 697 852 si
721 824 803 864 qua
824 811 1103 859 inveniantur,
1127 822 1233 862 quae
1253 811 1335 851 iam
1356 810 1447 850 luce

136 878 288 919 donata
309 883 417 929 sunt,
448 879 625 930 benigne
656 878 856 930 ignoscet,
889 877 1077 929 quisquis
1098 876 1300 917 eiusmodi
1320 888 1445 928 quae-

137 944 318 985 stionum
350 945 512 997 spineta
542 944 844 995 angustiasque
876 943 1080 995 pernovit.
1138 942 1227 982 Iam
1264 954 1360 982 vero
1395 941 1447 982 ad

136 1010 298 1062 singula
319 1010 614 1062 perlustranda
635 1009 855 1062 procedam
877 1009 950 1059 ita,
973 1012 1033 1058 ut,
1062 1020 1167 1060 quae
1189 1007 1241 1048 ad
1262 1007 1448 1049 codicum

136 1076 321 1128 ipsorum
350 1077 465 1116 varia
486 1080 736 1127 argumenta
757 1075 977 1127 pertinent,
1009 1086 1058 1115 ne
1089 1080 1182 1115 acta
1203 1085 1337 1125 agam,
1368 1074 1448 1115 lec-

137 1147 246 1184 tores
286 1154 367 1183 non
408 1155 458 1183 ex
487 1142 563 1183 hoc
592 1142 723 1191 libro,
765 1141 837 1182 sed
873 1154 922 1182 ex
957 1140 1144 1181 codicum
1174 1139 1448 1181 Bernensium

137 1209 325 1260 catalogo
366 1219 455 1249 meo
495 1221 530 1249 a.
572 1206 916 1248 MDCCCLXXV
959 1206 1121 1247 Bernae
1155 1205 1267 1247 edito
1306 1210 1447 1257 petere

137 1274 272 1315 velim.

218 1340 409 1381 I—VIII.
468 1340 583 1381 Haec
623 1340 806 1380 carmina
847 1338 1006 1389 (eadem
1036 1349 1163 1378 manu
1194 1337 1366 1389 scripta)
1407 1338 1449 1378 in

138 1406 318 1447 Tadonis
357 1406 537 1459 episcopi
575 1406 823 1458 praesertim
863 1404 1062 1445 honorem
1102 1404 1325 1456 composita
1362 1415 1445 1444 non

137 1472 188 1514 ab
217 1473 307 1524 ipso
337 1472 426 1523 illo,
468 1474 539 1525 qui
569 1472 722 1513 librum
761 1471 949 1513 exaravit
987 1469 1298 1511 characteribus
1328 1469 1446 1509 Iricis

138 1542 180 1578 et
224 1539 454 1590 scripturae
492 1538 815 1590 discrepantiam
860 1536 1151 1589 superposuit,
1198 1540 1239 1576 et
1279 1535 1447 1576 condita

139 1615 250 1654 esse,
291 1604 550 1646 demonstrat
588 1604 811 1645 lectionum
849 1603 1031 1643 varietas
1076 1602 1187 1642 haud
1230 1613 1326 1642 raro
1369 1601 1449 1652 ipsi

137 1670 271 1711 textui
298 1682 488 1711 sermone
518 1670 713 1711 continuo
743 1670 916 1716 inserta,
947 1668 997 1709 cf.
1023 1667 1122 1718 VII,
1154 1670 1225 1717 ⁴293
1257 1666 1378 1717 VIII,
1417 1671 1447 1707 l.

139 1734 340 1776 Frustula
366 1735 527 1788 aliquot
554 1736 791 1788 speciminis
819 1746 945 1775 causa
974 1733 1018 1773 F.
1047 1732 1299 1774 Hauthalius
1328 1733 1369 1773 111
1401 1744 1447 1773 ea

139 1800 390 1842 scholiorum
415 1802 741 1843 Horatianorum
770 1805 902 1854 parte,
933 1812 1016 1852 qua
1045 1800 1094 1841 de
1125 1799 1336 1841 codicibus
1366 1799 1451 1839 Ho-

140 1867 316 1908 ratianis
346 1868 508 1919 agitur,
539 1880 675 1920 neque
705 1880 753 1908 ea
784 1868 887 1908 satis
919 1871 1111 1908 accurate
1141 1865 1283 1906 edidit.

224 1932 273 1974 X.
332 1933 497 1975 Primus
528 1946 674 1975 versus
707 1934 847 1974 deesse
878 1932 1063 1981 videtur,
1097 1931 1194 1983 quia
1228 1931 1281 1981 is,
1313 1931 1377 1970 cui
1411 1929 1452 1970 id

143 2010 309 2040 carmen
349 1999 533 2040 dicatum
572 2005 659 2050 est,
696 2012 733 2041 v.
766 2002 788 2039 2
820 2011 901 2039 non
933 1997 1098 2047 Elfred,
1141 1997 1251 2048 quod
1294 1996 1453 2037 ratione

143 2064 418 2106 acrostichica
443 2065 692 2115 ostenditur,
723 2065 794 2107 sed
814 2063 987 2105 Aelfred
1017 2063 1183 2113 dicitur,
1215 2068 1261 2103 ut
1292 2063 1334 2103 in
1366 2074 1452 2102 car-

145 2131 254 2171 mine
284 2132 551 2183 praecedenti
581 2132 724 2172 eadem
754 2144 880 2172 manu
903 2130 1071 2182 scripto.

226 2197 463 2238 XII—XIX
503 2198 647 2239 eadem
686 2210 811 2238 manu
842 2207 1050 2248 expressa.
1108 2195 1206 2236 Post
1252 2207 1313 2234 nr.
1348 2193 1453 2243 XIX,

144 2264 241 2314 iquo
279 2263 367 2304 Ioco
408 2264 531 2304 codex
572 2263 692 2304 hodie
737 2262 895 2313 deficit,
940 2266 1103 2303 ceteras
1142 2272 1304 2313 quoque
1343 2264 1456 2300 artes

145 2329 324 2370 lberales
355 2329 586 2381 descriptas
617 2328 747 2369 fuisse
779 2340 981 2380 perquam
1012 2326 1238 2368 verisimile
1266 2330 1342 2367 est.
