1643 2574
223 155 274 195 72
619 158 837 193 CARMINA
860 156 998 192 MEDII
1020 155 1144 190 AEVL

441 270 648 323 Angelum
676 268 807 318 nobis,
837 267 1044 309 medicum
1075 265 1237 315 salutis,

442 336 566 378 Mitte
597 334 647 376 de
676 333 791 376 caelo
821 331 1053 386 Raphahel,
1084 335 1132 373 ut
1162 343 1303 372 omnes

225 415 264 450 15
441 402 569 445 Sanet
597 402 792 452 aegrotos
823 399 1064 452 pariterque
1094 401 1259 438 nostros

497 467 663 519 Dirigat
692 468 825 507 aetus,

442 567 523 608 Hie
552 566 617 607 dei
647 564 777 607 nostri
811 563 1000 617 genetrix
1029 561 1162 604 Maria

441 632 571 674 Totus
602 634 643 673 et
673 630 789 672 nobis
819 629 970 670 chorus
1000 627 1243 680 angelorum

444 698 618 751 Semper
647 696 837 746 adsistat,
870 695 992 736 simul
1028 697 1070 735 et
1097 693 1220 734 beata

225 778 267 811 20
499 763 646 806 Contio
677 766 780 804 tota.

800 1011 971 1053 XLVII.

375 1124 585 1180 VERsvs
623 1123 674 1177 ΙΝ
710 1121 1065 1176 nEmCATmNE
1102 1116 1403 1173 EGCIAESIAE.

448 1245 627 1295 Christe,
660 1246 905 1285 cunctorum
935 1240 1171 1282 dominator
1196 1238 1318 1288 alme,

448 1311 587 1352 Patris
617 1309 779 1351 aeterni
809 1307 975 1360 genitus
1007 1306 1058 1347 ab
1087 1317 1172 1355 ore,

447 1375 689 1429 Supplicum
720 1378 820 1416 uota
849 1373 1090 1426 pariterque
1119 1370 1318 1423 hymnum

504 1442 636 1485 Cerne
666 1440 884 1492 benignus.

253 1555 272 1588 5
448 1541 592 1592 Cerne,
626 1539 737 1593 quod
767 1549 869 1591 puro
900 1537 1002 1578 deus
1033 1536 1074 1576 in
1104 1534 1258 1576 honore

450 1607 570 1649 Plebs
600 1610 674 1648 tua
703 1604 878 1657 supplex
908 1604 1072 1644 resonet
1102 1601 1143 1641 in
1174 1599 1282 1646 aula,

449 1674 600 1715 Annua
629 1672 746 1713 ouius
776 1670 955 1711 redeunt
985 1666 1152 1709 colenda

504 1738 710 1791 Tempora
740 1736 856 1778 festa.

228 1894 231 1897 Ι
450 1837 566 1879 Haeo
596 1836 740 1878 domus
769 1835 849 1876 rite
880 1833 956 1875 tibi
986 1832 1176 1873 dedicata

234 1916 274 1950 lo
450 1903 670 1952 Noscitur,
701 1901 743 1941 in
773 1912 855 1953 qua
884 1897 1063 1951 populus
1094 1897 1302 1938 sacratum

451 1969 611 2022 Corpus
641 1966 836 2016 assumit,
869 1965 976 2006 uiuit
1007 1967 1048 2005 et
1077 1962 1190 2004 beati

505 2033 729 2086 Sanguinis
759 2032 970 2074 haustum.

322 2176 363 2209 V.
390 2176 430 2209 13
454 2175 646 2218 medicum]
679 2174 722 2216 cf.
746 2183 868 2216 supra.
894 2182 947 2205 nr.
974 2170 1029 2211 II,
1045 2174 1074 2203 5.
1101 2168 1216 2209 ΙΙΙ,3
1221 2195 1226 2201 .
1261 2168 1300 2202 15
1324 2168 1477 2210 egrotos.
1501 2165 1543 2200 20

234 2232 357 2267 concio
380 2231 474 2274 tota]
500 2230 663 2263 additum
690 2240 734 2262 m
761 2229 834 2262 IL:
867 2227 1003 2271 prestet
1029 2226 1093 2259 hoc
1119 2223 1222 2258 nobis
1245 2222 1375 2256 deitas.

322 2285 417 2319 XLV
420 2284 465 2318 ΙΙ.
492 2284 573 2317 Coei
600 2284 707 2317 Bern.
733 2285 796 2315 455
820 2291 845 2315 s.
874 2280 913 2313 X
934 2281 959 2322 f.
985 2283 1060 2313 123
1086 2279 1131 2312 In
1158 2276 1264 2311 tetulo
1290 2275 1442 2311 ECCLE.

323 2341 365 2374 V.
394 2341 596 2382 ymnum.
638 2338 675 2371 12
700 2339 855 2371 austum
