1643 2574
399 170 461 204 DE
485 170 686 206 NAVIGIO
710 171 772 205 ET
795 171 1147 207 AGRICVLTVRA.
1381 167 1428 204 17

276 280 419 321 Rastri
450 279 644 321 subsidiis
674 280 856 322 effodere
886 282 1066 323 scrobes.

276 344 429 397 spinae
458 348 581 386 sunto
609 346 773 397 procul,
805 358 897 387 cum
929 347 1026 388 lolio
1058 347 1170 400 filex,
1384 361 1426 395 ‘25

274 411 369 452 Neu
398 411 568 452 laedant
597 411 743 452 tribuli
773 412 965 463 gramina
994 426 1075 455 neu
1104 414 1253 456 rubus!

274 476 361 519 Nec
390 477 552 518 zizania
582 489 656 519 nec
686 478 867 530 reproba
898 480 1108 531 germina,

272 542 417 584 Flores
447 546 494 583 ut
522 542 701 595 placitos
731 543 883 595 pollice
915 556 1087 596 carpere

271 608 500 659 Possimus,
531 608 666 649 uiolas
698 621 837 661 ungue
869 609 1073 662 recidere,

273 673 377 716 Cum
407 675 530 716 nardi
561 674 658 716 folio
688 675 778 716 lilia
808 675 1044 727 uirginum,
1384 690 1427 722 30

270 740 328 781 Et
357 752 452 781 cum
482 740 603 781 dulce
633 740 843 793 thymum,
875 745 965 782 tum
996 742 1222 795 colocasia,

270 805 451 847 Fructus
482 806 807 858 mandragorae,
839 819 1005 848 summa
1034 820 1266 861 papauera,

268 871 423 913 Ramos
454 871 674 913 arboribus
706 884 871 914 sumere
901 873 1129 925 frondium,

270 938 538 990 Spiramenta
567 938 672 979 bono
704 938 877 980 fiamine
908 939 1113 981 dantium.

271 1004 406 1046 Sulcis
437 1016 518 1045 neu
548 1005 735 1046 dubitem
768 1006 938 1046 credere
970 1007 1149 1047 semina!
1382 1019 1423 1052 :35

268 1069 378 1111 Nam
409 1071 480 1122 qui
508 1071 629 1123 plura
658 1072 779 1121 serit,
810 1071 932 1123 plura
961 1072 1081 1113 metit
1111 1076 1215 1113 sata.

267 1135 450 1178 Messeni
481 1136 682 1189 frugifero
714 1138 885 1189 pignere
914 1139 1131 1190 colligens7

267 1201 461 1244 Maturas
491 1207 655 1255 segetes
685 1204 727 1244 in
758 1204 943 1245 cumulos
974 1217 1124 1257 agens,

269 1267 459 1309 Condens
490 1268 648 1310 hordea
680 1282 774 1311 cum
805 1270 935 1321 farre,
969 1271 1198 1323 legumina,

265 1333 409 1375 Lentis
440 1346 590 1386 grana,
621 1334 781 1385 fabam,
812 1335 895 1376 uile
925 1336 1187 1378 cicerculum.
1377 1349 1419 1382 40

267 1398 387 1440 Vites
418 1400 518 1452 quin
549 1400 696 1451 etiam,
728 1401 931 1443 Bacchica
962 1414 1156 1453 munera⁷

262 1463 400 1506 Sulcis
432 1476 506 1506 nec
536 1477 722 1507 remorer
754 1467 822 1508 uel
852 1467 1068 1509 scrobibus
1099 1468 1197 1509 dare

261 1529 486 1572 Sarmenta
513 1531 687 1573 uuiferis
721 1533 836 1574 uitea
865 1533 1055 1584 brachia,

260 1595 402 1637 Vanos
432 1609 480 1638 ac
510 1597 686 1639 frutices
717 1598 884 1640 demere
914 1600 1094 1651 uitibus,

261 1661 386 1703 Palos
418 1663 660 1715 palmitibus
691 1663 874 1705 subdere
904 1666 1107 1718 gemmeis
1375 1679 1416 1711 45

263 1760 808 1770 ..............
841 1743 908 1771 ma
939 1731 1108 1773 turbine

263 1826 808 1836 ..............
841 1808 892 1837 on
924 1829 932 1837 .
966 1831 973 1837 .
1005 1809 1052 1838 us

182 1968 224 2002 V.
249 1969 291 2002 24
316 1979 393 2003 scro
419 1996 425 2002 .
452 1995 460 2003 .
485 1995 492 2003 .
533 1970 575 2004 25
599 1971 721 2012 sunto,
748 1983 772 2005 n
796 1972 836 2004 iaz
858 1982 930 2006 ras.
962 1973 1003 2006 27
1028 1974 1190 2017 reproba,
1218 1985 1254 2007 re
1278 1975 1317 2007 in
1340 1984 1410 2008 ras.

93 2023 134 2057 31
165 2024 266 2066 tynio
297 2023 392 2066 tum]
428 2024 467 2057 tu
497 2025 537 2058 in
568 2036 640 2059 ras.
675 2027 718 2060 33
751 2027 905 2070 sumere]
939 2038 1038 2061 sume
1066 2029 1105 2061 in
1127 2039 1199 2062 ras.
1236 2030 1277 2062 34
1301 2029 1413 2073 spira-

94 2080 218 2112 menta
235 2079 332 2113 bono
350 2078 497 2113 flamine
513 2080 552 2112 in
567 2090 638 2114 ras.
663 2081 704 2114 37
723 2082 1095 2127 messem—colligens
1112 2084 1151 2116 in
1168 2094 1238 2117 ras.
1265 2085 1307 2117 39
1331 2095 1412 2117 cum

93 2133 190 2167 farre
213 2133 253 2166 in
276 2143 346 2168 ras.
384 2134 428 2167 40
453 2134 528 2168 uile
552 2146 591 2167 m
614 2146 686 2169 ras.
723 2137 763 2169 41
789 2137 954 2181 munera]
980 2150 1041 2171 niu
1070 2138 1109 2171 m
1132 2148 1203 2172 ras.
1240 2139 1282 2171 42
1306 2139 1412 2174 sulcis

92 2198 159 2222 nec
189 2198 344 2223 remorer
367 2189 407 2222 in
431 2200 502 2223 ras.
536 2190 580 2223 43
602 2191 983 2227 sarmenta—brachia
1013 2193 1051 2226 in
1076 2203 1146 2227 ras.
1172 2194 1337 2237 brachia]
1364 2204 1412 2226 (m

93 2241 300 2277 Bacchica?
324 2244 368 2286 cf.
393 2255 423 2278 v.
448 2246 501 2277 41.
536 2247 580 2277 44
604 2256 719 2279 uanos
743 2246 783 2279 in
806 2258 876 2280 ras.
902 2247 1039 2281 uitibus
1068 2249 1108 2280 ‘in
1132 2258 1202 2282 ras.
1240 2250 1282 2282 45
1307 2248 1410 2292 palos

96 2299 129 2329 et
158 2298 332 2341 gemmeis
363 2299 403 2331 m
426 2309 499 2332 ras.
523 2299 752 2344 palmitibus]
784 2301 850 2334 bus
880 2302 920 2334 in
944 2312 1014 2336 ras.
1039 2314 1068 2336 v.
1093 2304 1222 2335 46—51
1249 2305 1313 2335 (tut
1345 2303 1412 2335 toti

96 2355 162 2386 aut
189 2353 262 2394 fere
293 2353 361 2386 toti
393 2353 509 2387 deleti.

225 2411 336 2440 HAGEN
362 2422 499 2442 OARMINA
525 2422 606 2442 MEDH
632 2422 709 2443 AEVI.
1255 2413 1274 2445 2
