1643 2574
336 195 517 233 VERSVS
541 195 593 229 IN
618 190 809 227 NATALE
833 183 1192 222 APOSTOLORVM.

279 405 489 464 vlfflsvs
526 404 578 457 ΙΝ
614 400 812 456 NATALE
848 390 1264 452 APssSTsshssRVM.

668 311 862 355 XXXIV.

472 511 768 567 Apostolorum
797 507 1040 561 principem⁷

420 581 586 623 Celsam
617 578 851 619 columnam
880 571 1088 620 ecclesiae,

420 648 587 689 Fortem
618 646 782 698 petram
813 638 1065 687 fundamine,

422 714 595 755 Petrum
623 709 766 751 fideles
797 707 1058 757 concrepent.

477 800 555 842 Hic
584 801 728 852 pastor
757 800 799 836 et
832 793 1011 835 uicarius

425 865 630 908 Altissimi
659 862 874 916 praelatus
904 861 981 909 est,

425 933 605 975 Bariona
633 940 714 970 non
744 935 985 980 promerens

424 999 481 1040 Et
510 1001 634 1050 porta
665 994 770 1036 caeli
799 992 934 1034 factus
965 992 1041 1030 est.

483 1085 630 1128 Clarus
660 1093 775 1125 sacro
806 1078 1040 1134 praeconio,

428 1153 628 1204 Princeps
659 1151 866 1202 caputque
896 1144 1144 1198 principum,

431 1220 604 1271 Dignus,
635 1216 701 1257 cui
731 1214 833 1256 dans
863 1211 1040 1264 gloriam

430 1285 559 1326 Pedes
588 1282 827 1332 redemptor
858 1278 1003 1319 abluit.

488 1371 570 1421 Qui
599 1381 738 1424 puppe
767 1368 909 1420 lapsus
937 1363 1114 1418 pendulo

433 1439 613 1480 Pontum
643 1435 797 1489 premit
825 1431 1005 1484 uestigio

434 1504 488 1546 Et
518 1504 643 1545 dorsa
672 1513 746 1554 per
774 1498 979 1552 liquentia

436 1570 564 1612 Fidus
593 1568 673 1610 fide
703 1564 979 1620 perambulat.

490 1657 624 1699 Tactu
654 1654 810 1697 salubri
839 1653 1001 1695 arentia

436 1724 707 1766 Resuscitans
735 1722 953 1770 cadauera,

436 1791 493 1832 Et
522 1790 670 1831 umbra
699 1790 907 1841 quotquot
935 1785 1079 1836 attigit

438 1857 609 1909 Aegros,
641 1854 841 1896 medelam
872 1851 1061 1894 contulit.

495 1944 665 1985 Virtute
693 1946 814 1984 tanta
843 1940 1004 1989 nobilis,

440 2010 606 2062 Ubique
635 2009 794 2061 primus
823 2007 982 2047 enitens

442 2076 599 2116 Romae
629 2073 852 2115 cathedrae
882 2070 1049 2124 praesul
1080 2071 1143 2109 est

442 2141 496 2182 Et
527 2152 622 2182 arce
652 2139 753 2181 caeli
784 2137 928 2179 consul
960 2139 1034 2176 est.

231 2272 390 2307 XXXIV.
418 2271 501 2306 Cod.
528 2236 638 2303 Rern.
662 2272 727 2301 455
751 2277 777 2301 s.
805 2267 844 2300 Χ
865 2267 890 2309 f.
915 2269 971 2299 8³.

236 2327 273 2361 V.
301 2327 340 2361 12
365 2326 475 2360 ablui.
509 2326 548 2359 19
582 2324 711 2358 umbra
743 2333 835 2366 quae
867 2321 964 2365 quod
989 2320 1117 2364 attigit
1142 2329 1255 2363 egros.
1292 2317 1334 2350 ⁴23
1357 2324 1454 2349 rome

144 2382 325 2417 cathedre.

1371 171 1421 210 59

1399 1145 1438 1178 10

1400 1499 1440 1532 15

1404 1852 1445 1886 20

1411 2141 1452 2174 25
