1643 2574
206 146 281 184 188
597 149 816 184 CARMINA
840 149 977 183 MEDH
1000 147 1126 182 AEVI.

203 274 244 307 50
532 259 595 301 Tu
623 259 715 311 lege
747 259 923 311 praeuia

534 325 701 367 Statera
731 336 936 366 canonum

534 391 682 431 Libras
715 390 880 439 iudicia,

534 457 761 509 Promptus
793 457 835 496 in
867 455 1056 496 examine

534 522 754 563 Iudicialis
785 520 970 562 trutinae

208 601 250 634 55
541 587 768 640 Dignitatis
800 586 989 638 geminae

539 652 729 694 Culinine

539 718 672 760 Mixto
702 718 837 770 fulges
867 717 1048 765 numine,

540 784 687 835 Homo,
720 784 794 825 sed
825 782 920 836 plus
951 782 1127 823 homine,

828 1012 911 1054 CX.

548 1114 611 1166 ΠΕ
650 1110 967 1165 ΝᾹΤΙῊΤΑΤΕ
1004 1108 1208 1162 nomm.

271 1236 444 1288 Semper
475 1235 525 1275 ab
556 1240 727 1275 aeterno
758 1244 935 1274 nascens
966 1243 1015 1272 ex
1046 1234 1233 1281 tempore
1263 1228 1378 1270 nasci

324 1301 517 1343 Sustinet
547 1300 728 1341 humana
759 1297 996 1339 conditione
1027 1295 1150 1337 Deus.

269 1368 598 1419 virgineumque
629 1370 796 1406 uterum
820 1365 955 1404 uirtus
983 1373 1100 1403 saera
1131 1360 1270 1413 patris
1293 1358 1527 1409 obumbrat,

341 1433 435 1482 Qua
467 1431 642 1473 uerbum
672 1430 790 1471 fieret
821 1428 1065 1470 conciliante
1096 1438 1205 1467 caro.

253 1497 500 1544 5Confor1ni
531 1496 696 1537 suboles
727 1499 887 1548 patrem
918 1498 1177 1544 matremque
1207 1491 1340 1542 figura

342 1563 551 1616 Exprimit
585 1567 623 1603 et
656 1562 835 1614 speciem
867 1559 1003 1601 reddit
1035 1559 1204 1610 utrique
1236 1568 1368 1597 suam.

288 1632 354 1673 Sic
385 1631 473 1671 eius
504 1629 661 1681 species
693 1628 874 1680 speciem
905 1630 968 1667 est
1000 1625 1165 1666 imitata
1195 1628 1427 1676 paternam,

343 1696 403 1738 Ut
433 1697 485 1737 sit
518 1707 565 1736 eo
597 1695 688 1735 uiso
720 1694 837 1734 uisus
869 1696 910 1733 et
941 1691 1030 1743 ipse
1061 1696 1194 1742 pater.

290 1761 572 1814 Virgineoque
602 1760 682 1801 sibi
712 1758 920 1800 fabricans
951 1757 1000 1797 de
1031 1767 1201 1808 corpore
1232 1766 1380 1806 corpus

236 1840 276 1874 10
345 1828 586 1868 Humanam
616 1838 664 1867 ex
694 1825 858 1866 homine
889 1822 1100 1864 contrahit
1129 1820 1327 1873 effigiem.

290 1893 467 1935 Exhibet
500 1905 584 1933 una
614 1892 718 1933 duas
749 1890 908 1942 species
939 1899 1129 1941 persona„
1163 1887 1359 1938 Deusque

343 1959 498 2001 Factus
529 1958 651 1999 homo
682 1957 898 2010 proprium
929 1959 1071 1995 seruat
1102 1953 1273 2004 utrique
1303 1962 1447 2004 genus.

291 2026 442 2068 Seru-at
472 2026 581 2066 enim
611 2024 821 2076 propriam
853 2027 1030 2063 naturae
1060 2018 1395 2071 simplieitatem:

344 2091 424 2132 Hie
454 2091 496 2131 in
527 2102 650 2131 earne
681 2090 805 2133 Deus,
838 2099 930 2129 cum
961 2086 1117 2127 deitate
1147 2096 1254 2127 caro.

324 2222 366 2254 V.
391 2222 432 2255 54
448 2220 598 2254 trutine.
640 2220 681 2252 55)
699 2218 854 2262 gemine.

321 2276 391 2310 CX.
440 2275 522 2309 Cocl.
548 2274 657 2308 Rern,
683 2276 748 2305 :368
771 2283 796 2305 s.
825 2271 912 2305 XII
933 2271 958 2312 f.
990 2273 1082 2303 134³.

326 2331 366 2364 V.
393 2331 409 2363 l
436 2332 570 2364 eterno.
617 2331 636 2363 ξ)
662 2327 809 2362 soboles.
852 2327 891 2360 13
916 2328 1057 2360 nature.
