1643 2574
198 123 277 163 234
501 130 905 166 ARGVMENTORVM
928 129 1236 165 CONSPECTVS.

198 241 410 276 Sententiae
440 241 594 275 morales
627 240 670 274 de
699 239 850 284 virgini·
884 240 940 274 Ad
964 239 1213 283 legislatores
1237 239 1413 274 CXXVII.

241 297 318 330 tate
342 298 408 330 etc.
434 295 521 331 CVI.
886 294 937 329 De
961 295 1077 328 tribus
1100 294 1286 329 cuiusdam
1310 294 1472 328 mulieris
1501 294 1541 327 fi-

198 350 250 385 De
273 351 443 385 monachi
470 350 633 384 cruciatu
656 349 764 384 CVII.
931 349 990 383 liis
1015 349 1152 383 CXXX.

199 405 251 440 De
274 405 513 439 innovatione
536 404 677 439 vernali
702 404 809 438 CXII.
887 404 938 438 De
975 403 1233 438 monachorum
1274 403 1350 438 vita
1384 403 1540 437 CXXXI.

199 460 250 494 De
273 460 417 494 alterna
439 460 613 504 temporis
635 461 854 494 successione
933 459 1121 499 CXXXVI,
1146 459 1176 493 8.

243 514 366 549 CXIII.
888 514 940 548 De
963 514 1143 549 monacha
1167 515 1202 548 et
1219 514 1348 548 clerieo
1365 513 1540 548 CXXXII.

202 569 253 603 De
277 571 387 614 poeta
411 569 575 603 mendico
599 568 722 603 CXIV.
889 570 940 603 De
965 568 1087 603 Ovidii
1112 568 1268 603 Nasonis
1285 568 1364 603 vita
1381 570 1418 603 et
1433 568 1542 613 serip-

201 624 252 657 De
275 635 349 658 anu
373 635 446 658 non
469 623 699 659 reformanda
723 623 825 657 CXV.
933 624 978 658 tis
1002 622 1196 657 CXXXIII.

200 678 252 713 De
275 679 404 713 invene
428 680 465 713 et
490 678 614 723 puella
638 677 759 712 CXVI.
890 678 1111 723 Aenigmata
1138 678 1196 717 (de
1220 678 1402 717 castanea,
1426 677 1544 719 eorde,

203 733 258 767 Ad
283 733 433 768 lascivos
457 733 596 768 sodales
620 732 759 767 CXVII.
934 733 1084 773 cornice,
1114 732 1219 774 falce,
1247 735 1346 775 ursa)
1371 731 1543 766 CXXXV.

203 788 254 823 De
277 788 449 822 donando
473 788 594 822 CXIX.
890 789 1166 834 Epigrammata
1201 787 1263 828 (de
1293 787 1460 828 ianitore.
1491 798 1545 821 sa-

203 842 374 877 Landrici
405 852 528 876 versus
563 842 607 876 de
638 842 856 877 Ausehitillo
935 843 1069 887 piente,
1093 842 1249 882 homine,
1274 842 1317 876 de
1342 842 1429 876 anni
1454 844 1544 875 tem-

246 898 402 931 CXXIII.
936 898 1092 942 poribus,
1109 897 1152 931 de
1166 907 1354 942 campana.
1370 896 1414 930 de
1427 896 1544 937 domo,

203 953 254 986 De
278 953 439 987 amicitia
464 952 603 986 violata.
627 952 782 987 CXXIV.
935 952 978 986 de
1002 951 1259 986 monachorum
1285 951 1398 987 vitiis)

207 1008 256 1041 De
280 1014 411 1052 patruo
436 1007 594 1052 benigno
619 1007 756 1041 CXXV.
935 1006 1123 1041 CXXXVI.

206 1062 255 1096 De
279 1063 421 1097 Iuliana
445 1061 601 1096 CXXVI.
