1643 2574
227 171 278 211 32
616 173 836 209 CARMINA
858 171 999 206 MEDII
1022 169 1146 204 AEVI.

390 288 468 329 Ars
496 285 684 338 perfecta
713 284 832 336 uiget
861 294 943 334 qua
972 281 1062 322 sine
1090 279 1208 320 nulla

228 498 268 531 15
393 508 1227 525 .............

393 748 617 800 Serpentes
647 758 700 786 uo
738 773 995 785 .......
1026 753 1144 782 arum

228 827 270 860 20
393 812 709 866 Delphinasque
738 812 880 850 mouet
908 819 1076 850 carmen
1106 808 1307 847 amantes.

394 879 508 920 Haec
537 877 733 918 membris
762 885 956 916 numeros
987 872 1136 914 inserit
1165 874 1286 923 aptos

395 945 582 997 Gignens
613 956 662 984 ex
692 942 831 983 anima
861 943 904 981 et
933 950 1104 991 corpore
1134 940 1309 986 motum,

394 1010 457 1051 Ex
487 1013 600 1050 motu
631 1008 826 1056 sonitum,
858 1005 971 1046 uocis
1001 1004 1228 1045 alumnum.

393 1076 501 1117 Hinc
531 1075 645 1116 dicta
675 1077 739 1114 est
768 1071 939 1125 proprie
969 1082 1051 1111 uox
1081 1069 1350 1117 animantum,

230 1154 271 1187 25
395 1142 693 1192 Quodcumque
723 1139 970 1191 eloquimur,
999 1135 1160 1176 uiribus
1189 1133 1251 1175 uti

397 1208 537 1249 Sentis
566 1205 808 1247 harmoniae
838 1203 1029 1256 pulsibus
1059 1201 1165 1242 imis.

396 1273 502 1313 Nam
533 1272 659 1313 terris
690 1271 855 1311 animae
886 1268 983 1309 dum
1014 1266 1231 1307 uenientes

395 1338 658 1387 Funduntur,
691 1335 814 1377 simul
846 1338 909 1376 est
937 1333 1041 1374 haec
1072 1330 1294 1372 mediatrix

394 1405 599 1456 Ipsarum,
632 1402 808 1443 influere
839 1400 997 1441 musica
1027 1398 1152 1438 iussa.

232 1482 274 1513 :30
397 1470 536 1511 Motus
567 1472 610 1510 et
640 1479 834 1509 numeros
863 1466 966 1507 haec
996 1462 1173 1504 rationis

396 1535 667 1586 Affectusque
697 1543 849 1585 regens
879 1532 1089 1582 temperat
1120 1538 1273 1568 omncs.

397 1600 514 1650 Quae
544 1612 612 1640 res
643 1602 707 1640 est
736 1597 898 1651 populis
931 1595 1070 1637 debita
1099 1592 1272 1634 cunctis,

396 1666 514 1707 Hanc
543 1665 716 1706 tradunt
749 1664 914 1704 animae
944 1660 1111 1702 foedere
1143 1657 1322 1710 quodam

396 1732 556 1773 Nexam
587 1729 827 1783 corporibus
857 1727 978 1777 tibia,
1009 1726 1135 1766 duros

232 1809 273 1841 535
398 1797 518 1847 Quod
548 1796 709 1837 mollire
741 1795 900 1836 animos
930 1793 1011 1833 rite
1040 1790 1252 1843 probatur.

397 1863 486 1904 Hac
516 1863 660 1904 dicunt
688 1860 879 1901 habitum
910 1869 1033 1910 saepe
1064 1854 1334 1907 triumphum,

398 1929 508 1970 Dum
538 1928 740 1981 quosdam
771 1925 969 1974 citharae,
1001 1922 1104 1963 tibia
1135 1920 1338 1973 quosdam

398 1994 597 2035 Accendit
598 2020 1135 2034 ..............

400 2060 511 2110 Quin
540 2064 583 2101 et
613 2071 681 2100 cor
715 2086 1050 2098 .........

236 2138 278 2171 40
400 2125 490 2166 Hac
520 2125 686 2177 quidam
722 2150 1020 2164 ........

333 2244 370 2278 V.
396 2247 527 2276 13-—18
552 2243 619 2276 toti
643 2242 758 2275 deleti.
797 2241 838 2274 18
863 2240 887 2274 C
911 2239 982 2272 siz-e
1000 2238 1029 2271 G
1044 2263 1052 2270 .
1068 2263 1075 2270 .
1090 2263 1097 2270 .
1113 2263 1119 2269 .
1134 2236 1218 2270 sto?
1253 2234 1295 2267 24
1320 2233 1405 2266 hinc
1421 2232 1460 2264 in
1476 2240 1546 2264 ras.

238 2302 279 2335 ‘26
303 2298 486 2334 armoniae.
528 2299 570 2331 28
601 2297 672 2340 fuit
708 2294 932 2330 meditatrix.
976 2294 1108 2325 38—59
1138 2289 1311 2332 reliquiae
1342 2287 1381 2320 in
1415 2285 1547 2319 misello

236 2365 362 2400 panno
384 2354 409 2397 f.
435 2356 482 2386 48
507 2353 661 2395 scriptae
685 2354 779 2384 swzt.
