1643 2574
554 147 734 182 VERSVs
760 148 966 182 ALCVINI.
1342 141 1416 179 129

162 258 220 300 Ut
250 270 358 310 reor,
390 258 612 309 imponunt
642 269 870 309 mangones
901 257 1069 298 uincula
1100 258 1213 299 saeui

159 324 467 376 Includuntque
496 336 634 365 meum
663 323 883 365 tenebroso
914 324 956 364 in
987 335 1152 365 carcere
1182 336 1362 375 seruum7

159 390 246 431 Nec
275 394 339 431 051
369 390 439 442 qui
469 389 648 430 redimat
679 402 847 431 seruum
878 389 927 430 de
960 402 1124 431 carcere
1154 390 1289 442 nigro.

161 456 227 497 Sic
256 456 418 496 uadunt
449 455 589 496 cuncti
618 455 828 507 fugientes
861 455 1051 496 omnibus
1082 455 1206 507 horis,

161 522 228 564 Sic
256 522 417 563 minuet
447 533 589 562 seruos
619 533 692 562 nec
724 522 782 562 sic
812 521 890 562 sibi
920 524 988 562 sat
1014 521 1139 562 habet
1168 522 1254 563 illa.
1381 535 1418 567 10

161 588 424 640 Quapropter
453 599 625 628 maneas
656 587 817 637 Sennis⁷
850 588 1111 629 sanctissime
1142 588 1321 640 praesul,

158 653 301 706 thue
330 654 392 694 tui
421 657 561 694 tecum
590 653 751 705 possint
781 653 1008 694 consistere
1039 654 1151 694 serui

160 720 301 772 Atque
330 720 479 760 (10111115
510 731 684 760 numero
715 719 907 771 proprias
939 719 1113 772 implere
1145 724 1322 771 sacratQ

160 785 197 826 N
203 797 249 826 ec
278 789 321 826 te
351 797 446 838 spes
476 788 643 826 reuocet
674 784 751 825 sub
782 784 919 825 dulcia
952 797 1078 837 regna
1110 785 1309 827 Suranae.

161 851 366 903 Quicquid
395 851 453 892 ibi
482 854 606 903 potus
628 854 818 891 remanet
839 850 906 891 uel
928 851 1124 903 quicquid
1146 852 1364 904 edendum,
1381 864 1419 897 15

162 917 312 958 Omnia
342 929 471 958 saeua
501 917 631 958 fames
660 920 823 958 nosmet
854 929 1096 958 consumere
1127 918 1249 969 cogit.

163 983 221 1025 Te
252 983 325 1024 sed
356 983 487 1035 Igona
518 983 603 1024 suis
634 983 716 1024 iam
747 983 930 1036 piscibus
960 987 1086 1036 atque
1118 983 1284 1036 Sigona,

162 1049 219 1090 Te
247 1052 435 1101 pascant,
468 1049 624 1090 satient
656 1052 698 1089 et
729 1052 821 1090 tota
851 1048 1029 1091 Senonia
1059 1049 1246 1101 Bacchis,

162 1116 218 1156 Et
248 1116 281 1157 si
313 1119 514 1157 cornutus
544 1116 687 1156 ueniat
718 1115 770 1156 ad
800 1116 959 1157 fercula
990 1128 1160 1167 ueruex,

160 1182 284 1223 Illum
317 1194 435 1223 sacra
465 1182 580 1234 prior
609 1181 828 1223 benedicat
856 1182 987 1223 bucca
1017 1182 1219 1233 parentis.
1380 1193 1421 1226 20

162 1248 278 1289 Tunc
308 1247 379 1288 alii
410 1251 538 1300 atque
568 1248 638 1288 alii
668 1247 851 1288 Multoni
881 1248 1070 1289 membra
1099 1260 1173 1300 per
1202 1248 1340 1289 aulam

162 1314 415 1366 Discerpant
446 1314 694 1365 rapiantque
727 1325 844 1354 sacro
875 1325 968 1353 cum
998 1314 1182 1354 carmine
1212 1314 1360 1355 laudis.

164 1380 228 1422 Sis
259 1391 418 1420 memor
448 1379 599 1427 Albini,
631 1379 790 1419 calidus
823 1380 1052 1420 caminator
1082 1379 1134 1420 ad
1164 1380 1303 1431 ignem

163 1446 273 1487 Dum
303 1445 448 1487 sedeas
479 1445 626 1496 laetus,
660 1445 840 1496 Samuel,
873 1457 947 1497 per
978 1446 1113 1486 saecla
1143 1446 1297 1487 ualeto.

649 1684 881 1725 LXXVIII.

167 1798 201 1839 O
230 1809 319 1847 1105,
352 1800 417 1837 est
447 1799 576 1847 aetas,
609 1795 796 1847 iuuenes,
829 1795 981 1846 quibus
1013 1798 1111 1847 apta
1141 1794 1328 1847 legendo,

220 1863 401 1904 Discite:
433 1866 534 1903 eunt
565 1862 661 1902 anni
692 1873 809 1902 more
839 1860 1006 1901 fluentis
1038 1872 1182 1913 aquae.

200 1996 242 2029 V.
267 1996 287 2029 6
310 1996 491 2039 inponunt
516 1994 633 2037 Luyd.
681 1995 699 2027 7
724 1994 986 2036 includantque
1011 1993 1129 2037 Luyd.
1177 1994 1197 2026 8
1222 1993 1350 2036 Neque
1373 1993 1427 2026 est

114 2051 232 2095 Luyd.
270 2051 289 2084 9
313 2049 426 2093 horis]
451 2050 614 2092 sequitur
637 2050 676 2082 in
701 2049 820 2092 Luqcl.
846 2049 919 2082 cod.
949 2059 1087 2082 1013113.-
1127 2048 1176 2083 sic
1198 2048 1299 2082 mala
1330 2058 1427 2081 sacra

112 2108 224 2140 fames
241 2106 387 2140 exactor
400 2104 556 2148 dispulit
572 2104 663 2138 illos.
692 2105 730 2137 15
746 2103 920 2147 Quicquid
933 2103 995 2137 ibi.
1022 2104 1062 2136 1ss
1078 2114 1164 2137 seua
1177 2103 1295 2146 Luyd.
1322 2102 1362 2135 18
1375 2112 1427 2135 sa-

114 2162 212 2196 tiant
244 2160 360 2203 Luyd.
401 2159 533 2193 bachis.
582 2160 620 2192 19
645 2159 771 2192 ueniet
795 2158 912 2202 Luycl.
949 2158 1081 2192 berbex
1106 2158 1222 2202 Luycl.
1270 2158 1307 2191 21
1338 2156 1428 2190 mul-

113 2216 192 2251 toni
216 2215 333 2259 Luyd.
359 2215 522 2249 menbra.
580 2215 621 2247 2⁴2
645 2214 850 2257 discerpent
874 2213 992 2256 Loezyd.
1018 2213 1167 2256 rapiant
1191 2223 1290 2246 sacro
1310 2211 1425 2255 Luyd.

113 2271 251 2310 laudor,
277 2281 365 2304 corr.
390 2269 518 2303 laudis.
565 2269 607 2301 24
631 2268 795 2301 samuhel
820 2267 937 2311 ληρεῖ.

202 2325 396 2359 LXXVIII.
424 2323 507 2358 Cod.
532 2323 641 2356 Rern.
666 2325 734 2355 394
758 2332 784 2355 s.
813 2322 859 2354 X.
884 2323 908 2365 f.
934 2325 1024 2355 227³.

248 2396 357 2424 HAGEN
383 2404 518 2424 cAffiillssA
545 2403 624 2423 MEDH
653 2402 734 2422 Ai-JVI.
1277 2390 1296 2419 §3
